{"dataset": "agg_trades", "rows": 2461250, "na_counts": {"agg_trade_id": 2461250}, "int_cols_with_na": ["agg_trade_id"], "samples": {"agg_trade_id": [{"timestamp": 1694815200000, "price": 1631.9000244140625, "quantity": 0.014600000344216824, "is_buyer_maker": false, "agg_trade_id": null}, {"timestamp": 1694815200001, "price": 1631.9000244140625, "quantity": 0.0406000018119812, "is_buyer_maker": false, "agg_trade_id": null}, {"timestamp": 1694815200002, "price": 1631.9000244140625, "quantity": 0.019899999722838402, "is_buyer_maker": false, "agg_trade_id": null}, {"timestamp": 1694815200004, "price": 1631.8900146484375, "quantity": 0.06440000236034393, "is_buyer_maker": true, "agg_trade_id": null}, {"timestamp": 1694815200006, "price": 1631.9000244140625, "quantity": 0.012600000016391277, "is_buyer_maker": false, "agg_trade_id": null}]}}
{"dataset": "agg_trades", "rows": 5222337, "na_counts": {"agg_trade_id": 5222337}, "int_cols_with_na": ["agg_trade_id"], "samples": {"agg_trade_id": [{"timestamp": 1700002800000, "price": 1986.800048828125, "quantity": 0.03590000048279762, "is_buyer_maker": true, "agg_trade_id": null}, {"timestamp": 1700002800001, "price": 1986.81005859375, "quantity": 0.05299999937415123, "is_buyer_maker": false, "agg_trade_id": null}, {"timestamp": 1700002800002, "price": 1986.800048828125, "quantity": 0.03359999880194664, "is_buyer_maker": true, "agg_trade_id": null}, {"timestamp": 1700002800003, "price": 1986.800048828125, "quantity": 0.02710000053048134, "is_buyer_maker": true, "agg_trade_id": null}, {"timestamp": 1700002800004, "price": 1986.800048828125, "quantity": 0.051600001752376556, "is_buyer_maker": true, "agg_trade_id": null}]}}
{"dataset": "agg_trades", "rows": 9574210, "na_counts": {"agg_trade_id": 9574210}, "int_cols_with_na": ["agg_trade_id"], "samples": {"agg_trade_id": [{"timestamp": 1712959200000, "price": 3218.800048828125, "quantity": 0.012900000438094139, "is_buyer_maker": true, "agg_trade_id": null}, {"timestamp": 1712959200000, "price": 3218.81005859375, "quantity": 0.022199999541044235, "is_buyer_maker": false, "agg_trade_id": null}, {"timestamp": 1712959200005, "price": 3218.800048828125, "quantity": 0.015599999576807022, "is_buyer_maker": true, "agg_trade_id": null}, {"timestamp": 1712959200005, "price": 3218.800048828125, "quantity": 0.02239999920129776, "is_buyer_maker": true, "agg_trade_id": null}, {"timestamp": 1712959200006, "price": 3218.81005859375, "quantity": 0.010099999606609344, "is_buyer_maker": false, "agg_trade_id": null}]}}
{"dataset": "agg_trades", "rows": 5343356, "na_counts": {"agg_trade_id": 5343356}, "int_cols_with_na": ["agg_trade_id"], "samples": {"agg_trade_id": [{"timestamp": 1706914800000, "price": 2308.889892578125, "quantity": 0.039900001138448715, "is_buyer_maker": false, "agg_trade_id": null}, {"timestamp": 1706914800000, "price": 2308.8798828125, "quantity": 0.03290000185370445, "is_buyer_maker": true, "agg_trade_id": null}, {"timestamp": 1706914800000, "price": 2308.8798828125, "quantity": 0.032600000500679016, "is_buyer_maker": true, "agg_trade_id": null}, {"timestamp": 1706914800001, "price": 2308.889892578125, "quantity": 0.026900000870227814, "is_buyer_maker": false, "agg_trade_id": null}, {"timestamp": 1706914800002, "price": 2308.8798828125, "quantity": 0.00839999970048666, "is_buyer_maker": true, "agg_trade_id": null}]}}
{"dataset": "agg_trades", "rows": 3422188, "na_counts": {"agg_trade_id": 3422188}, "int_cols_with_na": ["agg_trade_id"], "samples": {"agg_trade_id": [{"timestamp": 1695679200000, "price": 1587.25, "quantity": 0.05249999836087227, "is_buyer_maker": true, "agg_trade_id": null}, {"timestamp": 1695679200000, "price": 1587.260009765625, "quantity": 0.00860000029206276, "is_buyer_maker": false, "agg_trade_id": null}, {"timestamp": 1695679200001, "price": 1587.25, "quantity": 0.045499999076128006, "is_buyer_maker": true, "agg_trade_id": null}, {"timestamp": 1695679200005, "price": 1587.260009765625, "quantity": 0.022700000554323196, "is_buyer_maker": false, "agg_trade_id": null}, {"timestamp": 1695679200005, "price": 1587.260009765625, "quantity": 0.05889999866485596, "is_buyer_maker": false, "agg_trade_id": null}]}}
{"dataset": "klines", "rows": 1545, "na_counts": {}, "int_cols_with_na": [], "samples": {}}
{"dataset": "agg_trades", "rows": 4232314, "na_counts": {"agg_trade_id": 4232314}, "int_cols_with_na": ["agg_trade_id"], "samples": {"agg_trade_id": [{"timestamp": 1700866800000, "price": 2073.929931640625, "quantity": 0.008899999782443047, "is_buyer_maker": false, "agg_trade_id": null}, {"timestamp": 1700866800000, "price": 2073.929931640625, "quantity": 0.025699999183416367, "is_buyer_maker": false, "agg_trade_id": null}, {"timestamp": 1700866800000, "price": 2073.929931640625, "quantity": 0.027899999171495438, "is_buyer_maker": false, "agg_trade_id": null}, {"timestamp": 1700866800001, "price": 2073.929931640625, "quantity": 0.042899999767541885, "is_buyer_maker": false, "agg_trade_id": null}, {"timestamp": 1700866800002, "price": 2073.929931640625, "quantity": 0.012900000438094139, "is_buyer_maker": false, "agg_trade_id": null}]}}
{"dataset": "agg_trades", "rows": 1884467, "na_counts": {"agg_trade_id": 1884467}, "int_cols_with_na": ["agg_trade_id"], "samples": {"agg_trade_id": [{"timestamp": 1690495200000, "price": 1859.0999755859375, "quantity": 0.017100000753998756, "is_buyer_maker": false, "agg_trade_id": null}, {"timestamp": 1690495200005, "price": 1859.0899658203125, "quantity": 0.0284000001847744, "is_buyer_maker": true, "agg_trade_id": null}, {"timestamp": 1690495200005, "price": 1859.0899658203125, "quantity": 0.09549999982118607, "is_buyer_maker": true, "agg_trade_id": null}, {"timestamp": 1690495200005, "price": 1859.0999755859375, "quantity": 0.061400000005960464, "is_buyer_maker": false, "agg_trade_id": null}, {"timestamp": 1690495200007, "price": 1859.0999755859375, "quantity": 0.015200000256299973, "is_buyer_maker": false, "agg_trade_id": null}]}}
{"dataset": "agg_trades", "rows": 3344544, "na_counts": {"agg_trade_id": 3344544}, "int_cols_with_na": ["agg_trade_id"], "samples": {"agg_trade_id": [{"timestamp": 1696543200000, "price": 1614.449951171875, "quantity": 0.040699999779462814, "is_buyer_maker": true, "agg_trade_id": null}, {"timestamp": 1696543200001, "price": 1614.449951171875, "quantity": 0.029400000348687172, "is_buyer_maker": true, "agg_trade_id": null}, {"timestamp": 1696543200003, "price": 1614.4599609375, "quantity": 0.016499999910593033, "is_buyer_maker": false, "agg_trade_id": null}, {"timestamp": 1696543200003, "price": 1614.4599609375, "quantity": 0.04430000111460686, "is_buyer_maker": false, "agg_trade_id": null}, {"timestamp": 1696543200005, "price": 1614.449951171875, "quantity": 0.050599999725818634, "is_buyer_maker": true, "agg_trade_id": null}]}}
{"dataset": "agg_trades", "rows": 1904553, "na_counts": {"agg_trade_id": 1904553}, "int_cols_with_na": ["agg_trade_id"], "samples": {"agg_trade_id": [{"timestamp": 1691359200000, "price": 1830.18994140625, "quantity": 0.02239999920129776, "is_buyer_maker": true, "agg_trade_id": null}, {"timestamp": 1691359200001, "price": 1830.199951171875, "quantity": 0.07500000298023224, "is_buyer_maker": false, "agg_trade_id": null}, {"timestamp": 1691359200001, "price": 1830.18994140625, "quantity": 0.05139999836683273, "is_buyer_maker": true, "agg_trade_id": null}, {"timestamp": 1691359200001, "price": 1830.18994140625, "quantity": 0.17190000414848328, "is_buyer_maker": true, "agg_trade_id": null}, {"timestamp": 1691359200001, "price": 1830.199951171875, "quantity": 0.020400000736117363, "is_buyer_maker": false, "agg_trade_id": null}]}}
{"dataset": "agg_trades", "rows": 6788785, "na_counts": {"agg_trade_id": 6788785}, "int_cols_with_na": ["agg_trade_id"], "samples": {"agg_trade_id": [{"timestamp": 1713823200000, "price": 3197.35009765625, "quantity": 0.023099999874830246, "is_buyer_maker": true, "agg_trade_id": null}, {"timestamp": 1713823200003, "price": 3197.35009765625, "quantity": 0.0284000001847744, "is_buyer_maker": true, "agg_trade_id": null}, {"timestamp": 1713823200006, "price": 3197.35009765625, "quantity": 0.02160000056028366, "is_buyer_maker": true, "agg_trade_id": null}, {"timestamp": 1713823200007, "price": 3197.360107421875, "quantity": 0.008700000122189522, "is_buyer_maker": false, "agg_trade_id": null}, {"timestamp": 1713823200007, "price": 3197.360107421875, "quantity": 0.02070000022649765, "is_buyer_maker": false, "agg_trade_id": null}]}}
{"dataset": "agg_trades", "rows": 3039870, "na_counts": {"agg_trade_id": 3039870}, "int_cols_with_na": ["agg_trade_id"], "samples": {"agg_trade_id": [{"timestamp": 1692223200000, "price": 1811.7099609375, "quantity": 0.00860000029206276, "is_buyer_maker": false, "agg_trade_id": null}, {"timestamp": 1692223200006, "price": 1811.699951171875, "quantity": 0.03660000115633011, "is_buyer_maker": true, "agg_trade_id": null}, {"timestamp": 1692223200006, "price": 1811.699951171875, "quantity": 0.05270000174641609, "is_buyer_maker": true, "agg_trade_id": null}, {"timestamp": 1692223200006, "price": 1811.7099609375, "quantity": 0.007400000002235174, "is_buyer_maker": false, "agg_trade_id": null}, {"timestamp": 1692223200007, "price": 1811.7099609375, "quantity": 0.023000000044703484, "is_buyer_maker": false, "agg_trade_id": null}]}}
{"dataset": "agg_trades", "rows": 8124554, "na_counts": {"agg_trade_id": 8124554}, "int_cols_with_na": ["agg_trade_id"], "samples": {"agg_trade_id": [{"timestamp": 1707778800004, "price": 2655.070068359375, "quantity": 0.021800000220537186, "is_buyer_maker": false, "agg_trade_id": null}, {"timestamp": 1707778800004, "price": 2655.06005859375, "quantity": 0.0066999997943639755, "is_buyer_maker": true, "agg_trade_id": null}, {"timestamp": 1707778800005, "price": 2655.06005859375, "quantity": 0.02850000001490116, "is_buyer_maker": true, "agg_trade_id": null}, {"timestamp": 1707778800005, "price": 2655.06005859375, "quantity": 0.029600000008940697, "is_buyer_maker": true, "agg_trade_id": null}, {"timestamp": 1707778800006, "price": 2655.070068359375, "quantity": 0.008999999612569809, "is_buyer_maker": false, "agg_trade_id": null}]}}
{"dataset": "agg_trades", "rows": 6074071, "na_counts": {"agg_trade_id": 6074071}, "int_cols_with_na": ["agg_trade_id"], "samples": {"agg_trade_id": [{"timestamp": 1701730800000, "price": 2228.070068359375, "quantity": 0.023399999365210533, "is_buyer_maker": true, "agg_trade_id": null}, {"timestamp": 1701730800000, "price": 2228.080078125, "quantity": 0.026599999517202377, "is_buyer_maker": false, "agg_trade_id": null}, {"timestamp": 1701730800000, "price": 2228.080078125, "quantity": 0.023000000044703484, "is_buyer_maker": false, "agg_trade_id": null}, {"timestamp": 1701730800004, "price": 2228.080078125, "quantity": 0.008799999952316284, "is_buyer_maker": false, "agg_trade_id": null}, {"timestamp": 1701730800005, "price": 2228.080078125, "quantity": 0.025800000876188278, "is_buyer_maker": false, "agg_trade_id": null}]}}
{"dataset": "agg_trades", "rows": 4875556, "na_counts": {"agg_trade_id": 4875556}, "int_cols_with_na": ["agg_trade_id"], "samples": {"agg_trade_id": [{"timestamp": 1697407200005, "price": 1560.3399658203125, "quantity": 0.031300000846385956, "is_buyer_maker": false, "agg_trade_id": null}, {"timestamp": 1697407200006, "price": 1560.3299560546875, "quantity": 0.06719999760389328, "is_buyer_maker": true, "agg_trade_id": null}, {"timestamp": 1697407200008, "price": 1560.3399658203125, "quantity": 0.03669999912381172, "is_buyer_maker": false, "agg_trade_id": null}, {"timestamp": 1697407200009, "price": 1560.3399658203125, "quantity": 0.01080000028014183, "is_buyer_maker": false, "agg_trade_id": null}, {"timestamp": 1697407200009, "price": 1560.3299560546875, "quantity": 0.04520000144839287, "is_buyer_maker": true, "agg_trade_id": null}]}}
{"dataset": "agg_trades", "rows": 2227377, "na_counts": {"agg_trade_id": 2227377}, "int_cols_with_na": ["agg_trade_id"], "samples": {"agg_trade_id": [{"timestamp": 1693087200000, "price": 1649.1600341796875, "quantity": 0.05920000001788139, "is_buyer_maker": false, "agg_trade_id": null}, {"timestamp": 1693087200001, "price": 1649.1600341796875, "quantity": 0.16089999675750732, "is_buyer_maker": false, "agg_trade_id": null}, {"timestamp": 1693087200003, "price": 1649.1500244140625, "quantity": 0.0272000003606081, "is_buyer_maker": true, "agg_trade_id": null}, {"timestamp": 1693087200004, "price": 1649.1500244140625, "quantity": 0.01119999960064888, "is_buyer_maker": true, "agg_trade_id": null}, {"timestamp": 1693087200005, "price": 1649.1500244140625, "quantity": 0.014299999922513962, "is_buyer_maker": true, "agg_trade_id": null}]}}
{"dataset": "agg_trades", "rows": 5076522, "na_counts": {"agg_trade_id": 5076522}, "int_cols_with_na": ["agg_trade_id"], "samples": {"agg_trade_id": [{"timestamp": 1714687200000, "price": 2996.489990234375, "quantity": 0.015799999237060547, "is_buyer_maker": false, "agg_trade_id": null}, {"timestamp": 1714687200000, "price": 2996.47998046875, "quantity": 0.02370000071823597, "is_buyer_maker": true, "agg_trade_id": null}, {"timestamp": 1714687200002, "price": 2996.47998046875, "quantity": 0.03189999982714653, "is_buyer_maker": true, "agg_trade_id": null}, {"timestamp": 1714687200002, "price": 2996.489990234375, "quantity": 0.02539999969303608, "is_buyer_maker": false, "agg_trade_id": null}, {"timestamp": 1714687200004, "price": 2996.47998046875, "quantity": 0.03269999846816063, "is_buyer_maker": true, "agg_trade_id": null}]}}
{"dataset": "agg_trades", "rows": 13909378, "na_counts": {"agg_trade_id": 13909378}, "int_cols_with_na": ["agg_trade_id"], "samples": {"agg_trade_id": [{"timestamp": 1710370800004, "price": 3983.10009765625, "quantity": 0.01860000006854534, "is_buyer_maker": true, "agg_trade_id": null}, {"timestamp": 1710370800004, "price": 3983.110107421875, "quantity": 0.01940000057220459, "is_buyer_maker": false, "agg_trade_id": null}, {"timestamp": 1710370800007, "price": 3983.110107421875, "quantity": 0.01590000092983246, "is_buyer_maker": false, "agg_trade_id": null}, {"timestamp": 1710370800007, "price": 3983.110107421875, "quantity": 0.024900000542402267, "is_buyer_maker": false, "agg_trade_id": null}, {"timestamp": 1710370800008, "price": 3983.110107421875, "quantity": 0.008700000122189522, "is_buyer_maker": false, "agg_trade_id": null}]}}
{"dataset": "agg_trades", "rows": 2404958, "na_counts": {"agg_trade_id": 2404958}, "int_cols_with_na": ["agg_trade_id"], "samples": {"agg_trade_id": [{"timestamp": 1693951200005, "price": 1630.2900390625, "quantity": 0.032099999487400055, "is_buyer_maker": false, "agg_trade_id": null}, {"timestamp": 1693951200006, "price": 1630.280029296875, "quantity": 0.05400000140070915, "is_buyer_maker": true, "agg_trade_id": null}, {"timestamp": 1693951200010, "price": 1630.280029296875, "quantity": 0.040699999779462814, "is_buyer_maker": true, "agg_trade_id": null}, {"timestamp": 1693951200012, "price": 1630.2900390625, "quantity": 0.045499999076128006, "is_buyer_maker": false, "agg_trade_id": null}, {"timestamp": 1693951200060, "price": 1630.2900390625, "quantity": 3.200000047683716, "is_buyer_maker": false, "agg_trade_id": null}]}}
{"dataset": "agg_trades", "rows": 4344953, "na_counts": {"agg_trade_id": 4344953}, "int_cols_with_na": ["agg_trade_id"], "samples": {"agg_trade_id": [{"timestamp": 1698271200000, "price": 1788.9200439453125, "quantity": 0.042399998754262924, "is_buyer_maker": true, "agg_trade_id": null}, {"timestamp": 1698271200000, "price": 1788.9300537109375, "quantity": 0.04969999939203262, "is_buyer_maker": false, "agg_trade_id": null}, {"timestamp": 1698271200000, "price": 1788.9300537109375, "quantity": 0.026499999687075615, "is_buyer_maker": false, "agg_trade_id": null}, {"timestamp": 1698271200001, "price": 1788.9200439453125, "quantity": 0.026399999856948853, "is_buyer_maker": true, "agg_trade_id": null}, {"timestamp": 1698271200002, "price": 1788.9300537109375, "quantity": 0.008299999870359898, "is_buyer_maker": false, "agg_trade_id": null}]}}
{"dataset": "agg_trades", "rows": 5404226, "na_counts": {"agg_trade_id": 5404226}, "int_cols_with_na": ["agg_trade_id"], "samples": {"agg_trade_id": [{"timestamp": 1702594800000, "price": 2314.949951171875, "quantity": 0.015799999237060547, "is_buyer_maker": true, "agg_trade_id": null}, {"timestamp": 1702594800000, "price": 2314.949951171875, "quantity": 0.021700000390410423, "is_buyer_maker": true, "agg_trade_id": null}, {"timestamp": 1702594800000, "price": 2314.9599609375, "quantity": 0.025299999862909317, "is_buyer_maker": false, "agg_trade_id": null}, {"timestamp": 1702594800001, "price": 2314.9599609375, "quantity": 0.030899999663233757, "is_buyer_maker": false, "agg_trade_id": null}, {"timestamp": 1702594800001, "price": 2314.9599609375, "quantity": 0.008700000122189522, "is_buyer_maker": false, "agg_trade_id": null}]}}
{"dataset": "agg_trades", "rows": 2461250, "na_counts": {"agg_trade_id": 2461250}, "int_cols_with_na": ["agg_trade_id"], "samples": {"agg_trade_id": [{"timestamp": 1694815200000, "price": 1631.9000244140625, "quantity": 0.014600000344216824, "is_buyer_maker": false, "agg_trade_id": null}, {"timestamp": 1694815200001, "price": 1631.9000244140625, "quantity": 0.0406000018119812, "is_buyer_maker": false, "agg_trade_id": null}, {"timestamp": 1694815200002, "price": 1631.9000244140625, "quantity": 0.019899999722838402, "is_buyer_maker": false, "agg_trade_id": null}, {"timestamp": 1694815200004, "price": 1631.8900146484375, "quantity": 0.06440000236034393, "is_buyer_maker": true, "agg_trade_id": null}, {"timestamp": 1694815200006, "price": 1631.9000244140625, "quantity": 0.012600000016391277, "is_buyer_maker": false, "agg_trade_id": null}]}}
{"dataset": "agg_trades", "rows": 3422188, "na_counts": {"agg_trade_id": 3422188}, "int_cols_with_na": ["agg_trade_id"], "samples": {"agg_trade_id": [{"timestamp": 1695679200000, "price": 1587.25, "quantity": 0.05249999836087227, "is_buyer_maker": true, "agg_trade_id": null}, {"timestamp": 1695679200000, "price": 1587.260009765625, "quantity": 0.00860000029206276, "is_buyer_maker": false, "agg_trade_id": null}, {"timestamp": 1695679200001, "price": 1587.25, "quantity": 0.045499999076128006, "is_buyer_maker": true, "agg_trade_id": null}, {"timestamp": 1695679200005, "price": 1587.260009765625, "quantity": 0.022700000554323196, "is_buyer_maker": false, "agg_trade_id": null}, {"timestamp": 1695679200005, "price": 1587.260009765625, "quantity": 0.05889999866485596, "is_buyer_maker": false, "agg_trade_id": null}]}}
{"dataset": "agg_trades", "rows": 9614992, "na_counts": {"agg_trade_id": 9614992}, "int_cols_with_na": ["agg_trade_id"], "samples": {"agg_trade_id": [{"timestamp": 1708642800000, "price": 2987.889892578125, "quantity": 0.006200000178068876, "is_buyer_maker": true, "agg_trade_id": null}, {"timestamp": 1708642800000, "price": 2987.89990234375, "quantity": 0.027400000020861626, "is_buyer_maker": false, "agg_trade_id": null}, {"timestamp": 1708642800000, "price": 2987.889892578125, "quantity": 0.012900000438094139, "is_buyer_maker": true, "agg_trade_id": null}, {"timestamp": 1708642800002, "price": 2987.889892578125, "quantity": 0.027400000020861626, "is_buyer_maker": true, "agg_trade_id": null}, {"timestamp": 1708642800002, "price": 2987.889892578125, "quantity": 0.00419999985024333, "is_buyer_maker": true, "agg_trade_id": null}]}}
{"dataset": "agg_trades", "rows": 8542831, "na_counts": {"agg_trade_id": 8542831}, "int_cols_with_na": ["agg_trade_id"], "samples": {"agg_trade_id": [{"timestamp": 1711234800000, "price": 3377.10009765625, "quantity": 0.01850000023841858, "is_buyer_maker": false, "agg_trade_id": null}, {"timestamp": 1711234800001, "price": 3377.10009765625, "quantity": 0.003800000064074993, "is_buyer_maker": false, "agg_trade_id": null}, {"timestamp": 1711234800001, "price": 3377.10009765625, "quantity": 0.015399999916553497, "is_buyer_maker": false, "agg_trade_id": null}, {"timestamp": 1711234800001, "price": 3377.090087890625, "quantity": 0.006399999838322401, "is_buyer_maker": true, "agg_trade_id": null}, {"timestamp": 1711234800004, "price": 3377.090087890625, "quantity": 0.026900000870227814, "is_buyer_maker": true, "agg_trade_id": null}]}}
{"dataset": "agg_trades", "rows": 6015818, "na_counts": {"agg_trade_id": 6015818}, "int_cols_with_na": ["agg_trade_id"], "samples": {"agg_trade_id": [{"timestamp": 1699138800000, "price": 1857.800048828125, "quantity": 0.03460000082850456, "is_buyer_maker": true, "agg_trade_id": null}, {"timestamp": 1699138800001, "price": 1857.800048828125, "quantity": 0.04500000178813934, "is_buyer_maker": true, "agg_trade_id": null}, {"timestamp": 1699138800003, "price": 1857.81005859375, "quantity": 0.007400000002235174, "is_buyer_maker": false, "agg_trade_id": null}, {"timestamp": 1699138800003, "price": 1857.8599853515625, "quantity": 0.028300000354647636, "is_buyer_maker": false, "agg_trade_id": null}, {"timestamp": 1699138800003, "price": 1857.8900146484375, "quantity": 0.0003000000142492354, "is_buyer_maker": false, "agg_trade_id": null}]}}
{"dataset": "agg_trades", "rows": 6247328, "na_counts": {"agg_trade_id": 6247328}, "int_cols_with_na": ["agg_trade_id"], "samples": {"agg_trade_id": [{"timestamp": 1703458800000, "price": 2259.60009765625, "quantity": 0.014700000174343586, "is_buyer_maker": false, "agg_trade_id": null}, {"timestamp": 1703458800000, "price": 2259.60009765625, "quantity": 0.03970000147819519, "is_buyer_maker": false, "agg_trade_id": null}, {"timestamp": 1703458800003, "price": 2259.60009765625, "quantity": 0.01720000058412552, "is_buyer_maker": false, "agg_trade_id": null}, {"timestamp": 1703458800006, "price": 2259.60009765625, "quantity": 0.011099999770522118, "is_buyer_maker": false, "agg_trade_id": null}, {"timestamp": 1703458800006, "price": 2259.590087890625, "quantity": 0.0272000003606081, "is_buyer_maker": true, "agg_trade_id": null}]}}
{"dataset": "agg_trades", "rows": 3344544, "na_counts": {"agg_trade_id": 3344544}, "int_cols_with_na": ["agg_trade_id"], "samples": {"agg_trade_id": [{"timestamp": 1696543200000, "price": 1614.449951171875, "quantity": 0.040699999779462814, "is_buyer_maker": true, "agg_trade_id": null}, {"timestamp": 1696543200001, "price": 1614.449951171875, "quantity": 0.029400000348687172, "is_buyer_maker": true, "agg_trade_id": null}, {"timestamp": 1696543200003, "price": 1614.4599609375, "quantity": 0.016499999910593033, "is_buyer_maker": false, "agg_trade_id": null}, {"timestamp": 1696543200003, "price": 1614.4599609375, "quantity": 0.04430000111460686, "is_buyer_maker": false, "agg_trade_id": null}, {"timestamp": 1696543200005, "price": 1614.449951171875, "quantity": 0.050599999725818634, "is_buyer_maker": true, "agg_trade_id": null}]}}
{"dataset": "agg_trades", "rows": 5222337, "na_counts": {"agg_trade_id": 5222337}, "int_cols_with_na": ["agg_trade_id"], "samples": {"agg_trade_id": [{"timestamp": 1700002800000, "price": 1986.800048828125, "quantity": 0.03590000048279762, "is_buyer_maker": true, "agg_trade_id": null}, {"timestamp": 1700002800001, "price": 1986.81005859375, "quantity": 0.05299999937415123, "is_buyer_maker": false, "agg_trade_id": null}, {"timestamp": 1700002800002, "price": 1986.800048828125, "quantity": 0.03359999880194664, "is_buyer_maker": true, "agg_trade_id": null}, {"timestamp": 1700002800003, "price": 1986.800048828125, "quantity": 0.02710000053048134, "is_buyer_maker": true, "agg_trade_id": null}, {"timestamp": 1700002800004, "price": 1986.800048828125, "quantity": 0.051600001752376556, "is_buyer_maker": true, "agg_trade_id": null}]}}
{"dataset": "agg_trades", "rows": 4875556, "na_counts": {"agg_trade_id": 4875556}, "int_cols_with_na": ["agg_trade_id"], "samples": {"agg_trade_id": [{"timestamp": 1697407200005, "price": 1560.3399658203125, "quantity": 0.031300000846385956, "is_buyer_maker": false, "agg_trade_id": null}, {"timestamp": 1697407200006, "price": 1560.3299560546875, "quantity": 0.06719999760389328, "is_buyer_maker": true, "agg_trade_id": null}, {"timestamp": 1697407200008, "price": 1560.3399658203125, "quantity": 0.03669999912381172, "is_buyer_maker": false, "agg_trade_id": null}, {"timestamp": 1697407200009, "price": 1560.3399658203125, "quantity": 0.01080000028014183, "is_buyer_maker": false, "agg_trade_id": null}, {"timestamp": 1697407200009, "price": 1560.3299560546875, "quantity": 0.04520000144839287, "is_buyer_maker": true, "agg_trade_id": null}]}}
{"dataset": "agg_trades", "rows": 7265830, "na_counts": {"agg_trade_id": 7265830}, "int_cols_with_na": ["agg_trade_id"], "samples": {"agg_trade_id": [{"timestamp": 1712095200002, "price": 3266.199951171875, "quantity": 1.4974000453948975, "is_buyer_maker": false, "agg_trade_id": null}, {"timestamp": 1712095200002, "price": 3266.219970703125, "quantity": 0.01860000006854534, "is_buyer_maker": false, "agg_trade_id": null}, {"timestamp": 1712095200002, "price": 3266.219970703125, "quantity": 2.875, "is_buyer_maker": false, "agg_trade_id": null}, {"timestamp": 1712095200003, "price": 3266.2099609375, "quantity": 0.022700000554323196, "is_buyer_maker": true, "agg_trade_id": null}, {"timestamp": 1712095200004, "price": 3266.219970703125, "quantity": 0.003700000001117587, "is_buyer_maker": false, "agg_trade_id": null}]}}
{"dataset": "agg_trades", "rows": 8282424, "na_counts": {"agg_trade_id": 8282424}, "int_cols_with_na": ["agg_trade_id"], "samples": {"agg_trade_id": [{"timestamp": 1704322800000, "price": 2205.3798828125, "quantity": 1.5282000303268433, "is_buyer_maker": true, "agg_trade_id": null}, {"timestamp": 1704322800000, "price": 2205.389892578125, "quantity": 0.007600000128149986, "is_buyer_maker": false, "agg_trade_id": null}, {"timestamp": 1704322800002, "price": 2205.3798828125, "quantity": 0.049300000071525574, "is_buyer_maker": true, "agg_trade_id": null}, {"timestamp": 1704322800002, "price": 2205.3798828125, "quantity": 0.03420000150799751, "is_buyer_maker": true, "agg_trade_id": null}, {"timestamp": 1704322800003, "price": 2205.3798828125, "quantity": 0.015399999916553497, "is_buyer_maker": true, "agg_trade_id": null}]}}
{"dataset": "agg_trades", "rows": 4232314, "na_counts": {"agg_trade_id": 4232314}, "int_cols_with_na": ["agg_trade_id"], "samples": {"agg_trade_id": [{"timestamp": 1700866800000, "price": 2073.929931640625, "quantity": 0.008899999782443047, "is_buyer_maker": false, "agg_trade_id": null}, {"timestamp": 1700866800000, "price": 2073.929931640625, "quantity": 0.025699999183416367, "is_buyer_maker": false, "agg_trade_id": null}, {"timestamp": 1700866800000, "price": 2073.929931640625, "quantity": 0.027899999171495438, "is_buyer_maker": false, "agg_trade_id": null}, {"timestamp": 1700866800001, "price": 2073.929931640625, "quantity": 0.042899999767541885, "is_buyer_maker": false, "agg_trade_id": null}, {"timestamp": 1700866800002, "price": 2073.929931640625, "quantity": 0.012900000438094139, "is_buyer_maker": false, "agg_trade_id": null}]}}
{"dataset": "agg_trades", "rows": 4344953, "na_counts": {"agg_trade_id": 4344953}, "int_cols_with_na": ["agg_trade_id"], "samples": {"agg_trade_id": [{"timestamp": 1698271200000, "price": 1788.9200439453125, "quantity": 0.042399998754262924, "is_buyer_maker": true, "agg_trade_id": null}, {"timestamp": 1698271200000, "price": 1788.9300537109375, "quantity": 0.04969999939203262, "is_buyer_maker": false, "agg_trade_id": null}, {"timestamp": 1698271200000, "price": 1788.9300537109375, "quantity": 0.026499999687075615, "is_buyer_maker": false, "agg_trade_id": null}, {"timestamp": 1698271200001, "price": 1788.9200439453125, "quantity": 0.026399999856948853, "is_buyer_maker": true, "agg_trade_id": null}, {"timestamp": 1698271200002, "price": 1788.9300537109375, "quantity": 0.008299999870359898, "is_buyer_maker": false, "agg_trade_id": null}]}}
{"dataset": "agg_trades", "rows": 13065771, "na_counts": {"agg_trade_id": 13065771}, "int_cols_with_na": ["agg_trade_id"], "samples": {"agg_trade_id": [{"timestamp": 1709506800001, "price": 3473.830078125, "quantity": 0.020099999383091927, "is_buyer_maker": false, "agg_trade_id": null}, {"timestamp": 1709506800001, "price": 3473.820068359375, "quantity": 0.02019999921321869, "is_buyer_maker": true, "agg_trade_id": null}, {"timestamp": 1709506800002, "price": 3473.830078125, "quantity": 0.02500000037252903, "is_buyer_maker": false, "agg_trade_id": null}, {"timestamp": 1709506800003, "price": 3473.830078125, "quantity": 0.010700000450015068, "is_buyer_maker": false, "agg_trade_id": null}, {"timestamp": 1709506800008, "price": 3473.820068359375, "quantity": 0.024000000208616257, "is_buyer_maker": true, "agg_trade_id": null}]}}
{"dataset": "klines", "rows": 1545, "na_counts": {}, "int_cols_with_na": [], "samples": {}}
{"dataset": "agg_trades", "rows": 6244599, "na_counts": {"agg_trade_id": 6244599}, "int_cols_with_na": ["agg_trade_id"], "samples": {"agg_trade_id": [{"timestamp": 1705186800000, "price": 2578.179931640625, "quantity": 0.032499998807907104, "is_buyer_maker": false, "agg_trade_id": null}, {"timestamp": 1705186800000, "price": 2578.169921875, "quantity": 0.008899999782443047, "is_buyer_maker": true, "agg_trade_id": null}, {"timestamp": 1705186800000, "price": 2578.179931640625, "quantity": 0.0272000003606081, "is_buyer_maker": false, "agg_trade_id": null}, {"timestamp": 1705186800000, "price": 2578.169921875, "quantity": 0.017999999225139618, "is_buyer_maker": true, "agg_trade_id": null}, {"timestamp": 1705186800001, "price": 2578.169921875, "quantity": 0.009200000204145908, "is_buyer_maker": true, "agg_trade_id": null}]}}
{"dataset": "agg_trades", "rows": 6074071, "na_counts": {"agg_trade_id": 6074071}, "int_cols_with_na": ["agg_trade_id"], "samples": {"agg_trade_id": [{"timestamp": 1701730800000, "price": 2228.070068359375, "quantity": 0.023399999365210533, "is_buyer_maker": true, "agg_trade_id": null}, {"timestamp": 1701730800000, "price": 2228.080078125, "quantity": 0.026599999517202377, "is_buyer_maker": false, "agg_trade_id": null}, {"timestamp": 1701730800000, "price": 2228.080078125, "quantity": 0.023000000044703484, "is_buyer_maker": false, "agg_trade_id": null}, {"timestamp": 1701730800004, "price": 2228.080078125, "quantity": 0.008799999952316284, "is_buyer_maker": false, "agg_trade_id": null}, {"timestamp": 1701730800005, "price": 2228.080078125, "quantity": 0.025800000876188278, "is_buyer_maker": false, "agg_trade_id": null}]}}
{"dataset": "agg_trades", "rows": 6015818, "na_counts": {"agg_trade_id": 6015818}, "int_cols_with_na": ["agg_trade_id"], "samples": {"agg_trade_id": [{"timestamp": 1699138800000, "price": 1857.800048828125, "quantity": 0.03460000082850456, "is_buyer_maker": true, "agg_trade_id": null}, {"timestamp": 1699138800001, "price": 1857.800048828125, "quantity": 0.04500000178813934, "is_buyer_maker": true, "agg_trade_id": null}, {"timestamp": 1699138800003, "price": 1857.81005859375, "quantity": 0.007400000002235174, "is_buyer_maker": false, "agg_trade_id": null}, {"timestamp": 1699138800003, "price": 1857.8599853515625, "quantity": 0.028300000354647636, "is_buyer_maker": false, "agg_trade_id": null}, {"timestamp": 1699138800003, "price": 1857.8900146484375, "quantity": 0.0003000000142492354, "is_buyer_maker": false, "agg_trade_id": null}]}}
{"dataset": "agg_trades", "rows": 9574210, "na_counts": {"agg_trade_id": 9574210}, "int_cols_with_na": ["agg_trade_id"], "samples": {"agg_trade_id": [{"timestamp": 1712959200000, "price": 3218.800048828125, "quantity": 0.012900000438094139, "is_buyer_maker": true, "agg_trade_id": null}, {"timestamp": 1712959200000, "price": 3218.81005859375, "quantity": 0.022199999541044235, "is_buyer_maker": false, "agg_trade_id": null}, {"timestamp": 1712959200005, "price": 3218.800048828125, "quantity": 0.015599999576807022, "is_buyer_maker": true, "agg_trade_id": null}, {"timestamp": 1712959200005, "price": 3218.800048828125, "quantity": 0.02239999920129776, "is_buyer_maker": true, "agg_trade_id": null}, {"timestamp": 1712959200006, "price": 3218.81005859375, "quantity": 0.010099999606609344, "is_buyer_maker": false, "agg_trade_id": null}]}}
{"dataset": "agg_trades", "rows": 5115502, "na_counts": {"agg_trade_id": 5115502}, "int_cols_with_na": ["agg_trade_id"], "samples": {"agg_trade_id": [{"timestamp": 1706050800000, "price": 2226.419921875, "quantity": 0.04479999840259552, "is_buyer_maker": false, "agg_trade_id": null}, {"timestamp": 1706050800000, "price": 2226.419921875, "quantity": 0.041999999433755875, "is_buyer_maker": false, "agg_trade_id": null}, {"timestamp": 1706050800000, "price": 2226.409912109375, "quantity": 0.018300000578165054, "is_buyer_maker": true, "agg_trade_id": null}, {"timestamp": 1706050800001, "price": 2226.419921875, "quantity": 0.034299999475479126, "is_buyer_maker": false, "agg_trade_id": null}, {"timestamp": 1706050800002, "price": 2226.409912109375, "quantity": 0.03709999844431877, "is_buyer_maker": true, "agg_trade_id": null}]}}
{"dataset": "agg_trades", "rows": 5404226, "na_counts": {"agg_trade_id": 5404226}, "int_cols_with_na": ["agg_trade_id"], "samples": {"agg_trade_id": [{"timestamp": 1702594800000, "price": 2314.949951171875, "quantity": 0.015799999237060547, "is_buyer_maker": true, "agg_trade_id": null}, {"timestamp": 1702594800000, "price": 2314.949951171875, "quantity": 0.021700000390410423, "is_buyer_maker": true, "agg_trade_id": null}, {"timestamp": 1702594800000, "price": 2314.9599609375, "quantity": 0.025299999862909317, "is_buyer_maker": false, "agg_trade_id": null}, {"timestamp": 1702594800001, "price": 2314.9599609375, "quantity": 0.030899999663233757, "is_buyer_maker": false, "agg_trade_id": null}, {"timestamp": 1702594800001, "price": 2314.9599609375, "quantity": 0.008700000122189522, "is_buyer_maker": false, "agg_trade_id": null}]}}
{"dataset": "agg_trades", "rows": 5222337, "na_counts": {"agg_trade_id": 5222337}, "int_cols_with_na": ["agg_trade_id"], "samples": {"agg_trade_id": [{"timestamp": 1700002800000, "price": 1986.800048828125, "quantity": 0.03590000048279762, "is_buyer_maker": true, "agg_trade_id": null}, {"timestamp": 1700002800001, "price": 1986.81005859375, "quantity": 0.05299999937415123, "is_buyer_maker": false, "agg_trade_id": null}, {"timestamp": 1700002800002, "price": 1986.800048828125, "quantity": 0.03359999880194664, "is_buyer_maker": true, "agg_trade_id": null}, {"timestamp": 1700002800003, "price": 1986.800048828125, "quantity": 0.02710000053048134, "is_buyer_maker": true, "agg_trade_id": null}, {"timestamp": 1700002800004, "price": 1986.800048828125, "quantity": 0.051600001752376556, "is_buyer_maker": true, "agg_trade_id": null}]}}
{"dataset": "agg_trades", "rows": 5343356, "na_counts": {"agg_trade_id": 5343356}, "int_cols_with_na": ["agg_trade_id"], "samples": {"agg_trade_id": [{"timestamp": 1706914800000, "price": 2308.889892578125, "quantity": 0.039900001138448715, "is_buyer_maker": false, "agg_trade_id": null}, {"timestamp": 1706914800000, "price": 2308.8798828125, "quantity": 0.03290000185370445, "is_buyer_maker": true, "agg_trade_id": null}, {"timestamp": 1706914800000, "price": 2308.8798828125, "quantity": 0.032600000500679016, "is_buyer_maker": true, "agg_trade_id": null}, {"timestamp": 1706914800001, "price": 2308.889892578125, "quantity": 0.026900000870227814, "is_buyer_maker": false, "agg_trade_id": null}, {"timestamp": 1706914800002, "price": 2308.8798828125, "quantity": 0.00839999970048666, "is_buyer_maker": true, "agg_trade_id": null}]}}
{"dataset": "agg_trades", "rows": 4232314, "na_counts": {"agg_trade_id": 4232314}, "int_cols_with_na": ["agg_trade_id"], "samples": {"agg_trade_id": [{"timestamp": 1700866800000, "price": 2073.929931640625, "quantity": 0.008899999782443047, "is_buyer_maker": false, "agg_trade_id": null}, {"timestamp": 1700866800000, "price": 2073.929931640625, "quantity": 0.025699999183416367, "is_buyer_maker": false, "agg_trade_id": null}, {"timestamp": 1700866800000, "price": 2073.929931640625, "quantity": 0.027899999171495438, "is_buyer_maker": false, "agg_trade_id": null}, {"timestamp": 1700866800001, "price": 2073.929931640625, "quantity": 0.042899999767541885, "is_buyer_maker": false, "agg_trade_id": null}, {"timestamp": 1700866800002, "price": 2073.929931640625, "quantity": 0.012900000438094139, "is_buyer_maker": false, "agg_trade_id": null}]}}
{"dataset": "agg_trades", "rows": 13909378, "na_counts": {"agg_trade_id": 13909378}, "int_cols_with_na": ["agg_trade_id"], "samples": {"agg_trade_id": [{"timestamp": 1710370800004, "price": 3983.10009765625, "quantity": 0.01860000006854534, "is_buyer_maker": true, "agg_trade_id": null}, {"timestamp": 1710370800004, "price": 3983.110107421875, "quantity": 0.01940000057220459, "is_buyer_maker": false, "agg_trade_id": null}, {"timestamp": 1710370800007, "price": 3983.110107421875, "quantity": 0.01590000092983246, "is_buyer_maker": false, "agg_trade_id": null}, {"timestamp": 1710370800007, "price": 3983.110107421875, "quantity": 0.024900000542402267, "is_buyer_maker": false, "agg_trade_id": null}, {"timestamp": 1710370800008, "price": 3983.110107421875, "quantity": 0.008700000122189522, "is_buyer_maker": false, "agg_trade_id": null}]}}
{"dataset": "agg_trades", "rows": 6247328, "na_counts": {"agg_trade_id": 6247328}, "int_cols_with_na": ["agg_trade_id"], "samples": {"agg_trade_id": [{"timestamp": 1703458800000, "price": 2259.60009765625, "quantity": 0.014700000174343586, "is_buyer_maker": false, "agg_trade_id": null}, {"timestamp": 1703458800000, "price": 2259.60009765625, "quantity": 0.03970000147819519, "is_buyer_maker": false, "agg_trade_id": null}, {"timestamp": 1703458800003, "price": 2259.60009765625, "quantity": 0.01720000058412552, "is_buyer_maker": false, "agg_trade_id": null}, {"timestamp": 1703458800006, "price": 2259.60009765625, "quantity": 0.011099999770522118, "is_buyer_maker": false, "agg_trade_id": null}, {"timestamp": 1703458800006, "price": 2259.590087890625, "quantity": 0.0272000003606081, "is_buyer_maker": true, "agg_trade_id": null}]}}
{"dataset": "klines", "rows": 1545, "na_counts": {}, "int_cols_with_na": [], "samples": {}}
{"dataset": "agg_trades", "rows": 1884467, "na_counts": {"agg_trade_id": 1884467}, "int_cols_with_na": ["agg_trade_id"], "samples": {"agg_trade_id": [{"timestamp": 1690495200000, "price": 1859.0999755859375, "quantity": 0.017100000753998756, "is_buyer_maker": false, "agg_trade_id": null}, {"timestamp": 1690495200005, "price": 1859.0899658203125, "quantity": 0.0284000001847744, "is_buyer_maker": true, "agg_trade_id": null}, {"timestamp": 1690495200005, "price": 1859.0899658203125, "quantity": 0.09549999982118607, "is_buyer_maker": true, "agg_trade_id": null}, {"timestamp": 1690495200005, "price": 1859.0999755859375, "quantity": 0.061400000005960464, "is_buyer_maker": false, "agg_trade_id": null}, {"timestamp": 1690495200007, "price": 1859.0999755859375, "quantity": 0.015200000256299973, "is_buyer_maker": false, "agg_trade_id": null}]}}
{"dataset": "agg_trades", "rows": 1904553, "na_counts": {"agg_trade_id": 1904553}, "int_cols_with_na": ["agg_trade_id"], "samples": {"agg_trade_id": [{"timestamp": 1691359200000, "price": 1830.18994140625, "quantity": 0.02239999920129776, "is_buyer_maker": true, "agg_trade_id": null}, {"timestamp": 1691359200001, "price": 1830.199951171875, "quantity": 0.07500000298023224, "is_buyer_maker": false, "agg_trade_id": null}, {"timestamp": 1691359200001, "price": 1830.18994140625, "quantity": 0.05139999836683273, "is_buyer_maker": true, "agg_trade_id": null}, {"timestamp": 1691359200001, "price": 1830.18994140625, "quantity": 0.17190000414848328, "is_buyer_maker": true, "agg_trade_id": null}, {"timestamp": 1691359200001, "price": 1830.199951171875, "quantity": 0.020400000736117363, "is_buyer_maker": false, "agg_trade_id": null}]}}
{"dataset": "agg_trades", "rows": 6074071, "na_counts": {"agg_trade_id": 6074071}, "int_cols_with_na": ["agg_trade_id"], "samples": {"agg_trade_id": [{"timestamp": 1701730800000, "price": 2228.070068359375, "quantity": 0.023399999365210533, "is_buyer_maker": true, "agg_trade_id": null}, {"timestamp": 1701730800000, "price": 2228.080078125, "quantity": 0.026599999517202377, "is_buyer_maker": false, "agg_trade_id": null}, {"timestamp": 1701730800000, "price": 2228.080078125, "quantity": 0.023000000044703484, "is_buyer_maker": false, "agg_trade_id": null}, {"timestamp": 1701730800004, "price": 2228.080078125, "quantity": 0.008799999952316284, "is_buyer_maker": false, "agg_trade_id": null}, {"timestamp": 1701730800005, "price": 2228.080078125, "quantity": 0.025800000876188278, "is_buyer_maker": false, "agg_trade_id": null}]}}
{"dataset": "agg_trades", "rows": 8124554, "na_counts": {"agg_trade_id": 8124554}, "int_cols_with_na": ["agg_trade_id"], "samples": {"agg_trade_id": [{"timestamp": 1707778800004, "price": 2655.070068359375, "quantity": 0.021800000220537186, "is_buyer_maker": false, "agg_trade_id": null}, {"timestamp": 1707778800004, "price": 2655.06005859375, "quantity": 0.0066999997943639755, "is_buyer_maker": true, "agg_trade_id": null}, {"timestamp": 1707778800005, "price": 2655.06005859375, "quantity": 0.02850000001490116, "is_buyer_maker": true, "agg_trade_id": null}, {"timestamp": 1707778800005, "price": 2655.06005859375, "quantity": 0.029600000008940697, "is_buyer_maker": true, "agg_trade_id": null}, {"timestamp": 1707778800006, "price": 2655.070068359375, "quantity": 0.008999999612569809, "is_buyer_maker": false, "agg_trade_id": null}]}}
{"dataset": "agg_trades", "rows": 8542831, "na_counts": {"agg_trade_id": 8542831}, "int_cols_with_na": ["agg_trade_id"], "samples": {"agg_trade_id": [{"timestamp": 1711234800000, "price": 3377.10009765625, "quantity": 0.01850000023841858, "is_buyer_maker": false, "agg_trade_id": null}, {"timestamp": 1711234800001, "price": 3377.10009765625, "quantity": 0.003800000064074993, "is_buyer_maker": false, "agg_trade_id": null}, {"timestamp": 1711234800001, "price": 3377.10009765625, "quantity": 0.015399999916553497, "is_buyer_maker": false, "agg_trade_id": null}, {"timestamp": 1711234800001, "price": 3377.090087890625, "quantity": 0.006399999838322401, "is_buyer_maker": true, "agg_trade_id": null}, {"timestamp": 1711234800004, "price": 3377.090087890625, "quantity": 0.026900000870227814, "is_buyer_maker": true, "agg_trade_id": null}]}}
{"dataset": "agg_trades", "rows": 3039870, "na_counts": {"agg_trade_id": 3039870}, "int_cols_with_na": ["agg_trade_id"], "samples": {"agg_trade_id": [{"timestamp": 1692223200000, "price": 1811.7099609375, "quantity": 0.00860000029206276, "is_buyer_maker": false, "agg_trade_id": null}, {"timestamp": 1692223200006, "price": 1811.699951171875, "quantity": 0.03660000115633011, "is_buyer_maker": true, "agg_trade_id": null}, {"timestamp": 1692223200006, "price": 1811.699951171875, "quantity": 0.05270000174641609, "is_buyer_maker": true, "agg_trade_id": null}, {"timestamp": 1692223200006, "price": 1811.7099609375, "quantity": 0.007400000002235174, "is_buyer_maker": false, "agg_trade_id": null}, {"timestamp": 1692223200007, "price": 1811.7099609375, "quantity": 0.023000000044703484, "is_buyer_maker": false, "agg_trade_id": null}]}}
{"dataset": "agg_trades", "rows": 8282424, "na_counts": {"agg_trade_id": 8282424}, "int_cols_with_na": ["agg_trade_id"], "samples": {"agg_trade_id": [{"timestamp": 1704322800000, "price": 2205.3798828125, "quantity": 1.5282000303268433, "is_buyer_maker": true, "agg_trade_id": null}, {"timestamp": 1704322800000, "price": 2205.389892578125, "quantity": 0.007600000128149986, "is_buyer_maker": false, "agg_trade_id": null}, {"timestamp": 1704322800002, "price": 2205.3798828125, "quantity": 0.049300000071525574, "is_buyer_maker": true, "agg_trade_id": null}, {"timestamp": 1704322800002, "price": 2205.3798828125, "quantity": 0.03420000150799751, "is_buyer_maker": true, "agg_trade_id": null}, {"timestamp": 1704322800003, "price": 2205.3798828125, "quantity": 0.015399999916553497, "is_buyer_maker": true, "agg_trade_id": null}]}}
{"dataset": "agg_trades", "rows": 2227377, "na_counts": {"agg_trade_id": 2227377}, "int_cols_with_na": ["agg_trade_id"], "samples": {"agg_trade_id": [{"timestamp": 1693087200000, "price": 1649.1600341796875, "quantity": 0.05920000001788139, "is_buyer_maker": false, "agg_trade_id": null}, {"timestamp": 1693087200001, "price": 1649.1600341796875, "quantity": 0.16089999675750732, "is_buyer_maker": false, "agg_trade_id": null}, {"timestamp": 1693087200003, "price": 1649.1500244140625, "quantity": 0.0272000003606081, "is_buyer_maker": true, "agg_trade_id": null}, {"timestamp": 1693087200004, "price": 1649.1500244140625, "quantity": 0.01119999960064888, "is_buyer_maker": true, "agg_trade_id": null}, {"timestamp": 1693087200005, "price": 1649.1500244140625, "quantity": 0.014299999922513962, "is_buyer_maker": true, "agg_trade_id": null}]}}
{"dataset": "agg_trades", "rows": 5404226, "na_counts": {"agg_trade_id": 5404226}, "int_cols_with_na": ["agg_trade_id"], "samples": {"agg_trade_id": [{"timestamp": 1702594800000, "price": 2314.949951171875, "quantity": 0.015799999237060547, "is_buyer_maker": true, "agg_trade_id": null}, {"timestamp": 1702594800000, "price": 2314.949951171875, "quantity": 0.021700000390410423, "is_buyer_maker": true, "agg_trade_id": null}, {"timestamp": 1702594800000, "price": 2314.9599609375, "quantity": 0.025299999862909317, "is_buyer_maker": false, "agg_trade_id": null}, {"timestamp": 1702594800001, "price": 2314.9599609375, "quantity": 0.030899999663233757, "is_buyer_maker": false, "agg_trade_id": null}, {"timestamp": 1702594800001, "price": 2314.9599609375, "quantity": 0.008700000122189522, "is_buyer_maker": false, "agg_trade_id": null}]}}
{"dataset": "agg_trades", "rows": 2404958, "na_counts": {"agg_trade_id": 2404958}, "int_cols_with_na": ["agg_trade_id"], "samples": {"agg_trade_id": [{"timestamp": 1693951200005, "price": 1630.2900390625, "quantity": 0.032099999487400055, "is_buyer_maker": false, "agg_trade_id": null}, {"timestamp": 1693951200006, "price": 1630.280029296875, "quantity": 0.05400000140070915, "is_buyer_maker": true, "agg_trade_id": null}, {"timestamp": 1693951200010, "price": 1630.280029296875, "quantity": 0.040699999779462814, "is_buyer_maker": true, "agg_trade_id": null}, {"timestamp": 1693951200012, "price": 1630.2900390625, "quantity": 0.045499999076128006, "is_buyer_maker": false, "agg_trade_id": null}, {"timestamp": 1693951200060, "price": 1630.2900390625, "quantity": 3.200000047683716, "is_buyer_maker": false, "agg_trade_id": null}]}}
{"dataset": "agg_trades", "rows": 7265830, "na_counts": {"agg_trade_id": 7265830}, "int_cols_with_na": ["agg_trade_id"], "samples": {"agg_trade_id": [{"timestamp": 1712095200002, "price": 3266.199951171875, "quantity": 1.4974000453948975, "is_buyer_maker": false, "agg_trade_id": null}, {"timestamp": 1712095200002, "price": 3266.219970703125, "quantity": 0.01860000006854534, "is_buyer_maker": false, "agg_trade_id": null}, {"timestamp": 1712095200002, "price": 3266.219970703125, "quantity": 2.875, "is_buyer_maker": false, "agg_trade_id": null}, {"timestamp": 1712095200003, "price": 3266.2099609375, "quantity": 0.022700000554323196, "is_buyer_maker": true, "agg_trade_id": null}, {"timestamp": 1712095200004, "price": 3266.219970703125, "quantity": 0.003700000001117587, "is_buyer_maker": false, "agg_trade_id": null}]}}
{"dataset": "agg_trades", "rows": 6244599, "na_counts": {"agg_trade_id": 6244599}, "int_cols_with_na": ["agg_trade_id"], "samples": {"agg_trade_id": [{"timestamp": 1705186800000, "price": 2578.179931640625, "quantity": 0.032499998807907104, "is_buyer_maker": false, "agg_trade_id": null}, {"timestamp": 1705186800000, "price": 2578.169921875, "quantity": 0.008899999782443047, "is_buyer_maker": true, "agg_trade_id": null}, {"timestamp": 1705186800000, "price": 2578.179931640625, "quantity": 0.0272000003606081, "is_buyer_maker": false, "agg_trade_id": null}, {"timestamp": 1705186800000, "price": 2578.169921875, "quantity": 0.017999999225139618, "is_buyer_maker": true, "agg_trade_id": null}, {"timestamp": 1705186800001, "price": 2578.169921875, "quantity": 0.009200000204145908, "is_buyer_maker": true, "agg_trade_id": null}]}}
{"dataset": "agg_trades", "rows": 9614992, "na_counts": {"agg_trade_id": 9614992}, "int_cols_with_na": ["agg_trade_id"], "samples": {"agg_trade_id": [{"timestamp": 1708642800000, "price": 2987.889892578125, "quantity": 0.006200000178068876, "is_buyer_maker": true, "agg_trade_id": null}, {"timestamp": 1708642800000, "price": 2987.89990234375, "quantity": 0.027400000020861626, "is_buyer_maker": false, "agg_trade_id": null}, {"timestamp": 1708642800000, "price": 2987.889892578125, "quantity": 0.012900000438094139, "is_buyer_maker": true, "agg_trade_id": null}, {"timestamp": 1708642800002, "price": 2987.889892578125, "quantity": 0.027400000020861626, "is_buyer_maker": true, "agg_trade_id": null}, {"timestamp": 1708642800002, "price": 2987.889892578125, "quantity": 0.00419999985024333, "is_buyer_maker": true, "agg_trade_id": null}]}}
{"dataset": "agg_trades", "rows": 2461250, "na_counts": {"agg_trade_id": 2461250}, "int_cols_with_na": ["agg_trade_id"], "samples": {"agg_trade_id": [{"timestamp": 1694815200000, "price": 1631.9000244140625, "quantity": 0.014600000344216824, "is_buyer_maker": false, "agg_trade_id": null}, {"timestamp": 1694815200001, "price": 1631.9000244140625, "quantity": 0.0406000018119812, "is_buyer_maker": false, "agg_trade_id": null}, {"timestamp": 1694815200002, "price": 1631.9000244140625, "quantity": 0.019899999722838402, "is_buyer_maker": false, "agg_trade_id": null}, {"timestamp": 1694815200004, "price": 1631.8900146484375, "quantity": 0.06440000236034393, "is_buyer_maker": true, "agg_trade_id": null}, {"timestamp": 1694815200006, "price": 1631.9000244140625, "quantity": 0.012600000016391277, "is_buyer_maker": false, "agg_trade_id": null}]}}
{"dataset": "agg_trades", "rows": 6247328, "na_counts": {"agg_trade_id": 6247328}, "int_cols_with_na": ["agg_trade_id"], "samples": {"agg_trade_id": [{"timestamp": 1703458800000, "price": 2259.60009765625, "quantity": 0.014700000174343586, "is_buyer_maker": false, "agg_trade_id": null}, {"timestamp": 1703458800000, "price": 2259.60009765625, "quantity": 0.03970000147819519, "is_buyer_maker": false, "agg_trade_id": null}, {"timestamp": 1703458800003, "price": 2259.60009765625, "quantity": 0.01720000058412552, "is_buyer_maker": false, "agg_trade_id": null}, {"timestamp": 1703458800006, "price": 2259.60009765625, "quantity": 0.011099999770522118, "is_buyer_maker": false, "agg_trade_id": null}, {"timestamp": 1703458800006, "price": 2259.590087890625, "quantity": 0.0272000003606081, "is_buyer_maker": true, "agg_trade_id": null}]}}
{"dataset": "agg_trades", "rows": 5115502, "na_counts": {"agg_trade_id": 5115502}, "int_cols_with_na": ["agg_trade_id"], "samples": {"agg_trade_id": [{"timestamp": 1706050800000, "price": 2226.419921875, "quantity": 0.04479999840259552, "is_buyer_maker": false, "agg_trade_id": null}, {"timestamp": 1706050800000, "price": 2226.419921875, "quantity": 0.041999999433755875, "is_buyer_maker": false, "agg_trade_id": null}, {"timestamp": 1706050800000, "price": 2226.409912109375, "quantity": 0.018300000578165054, "is_buyer_maker": true, "agg_trade_id": null}, {"timestamp": 1706050800001, "price": 2226.419921875, "quantity": 0.034299999475479126, "is_buyer_maker": false, "agg_trade_id": null}, {"timestamp": 1706050800002, "price": 2226.409912109375, "quantity": 0.03709999844431877, "is_buyer_maker": true, "agg_trade_id": null}]}}
{"dataset": "agg_trades", "rows": 3422188, "na_counts": {"agg_trade_id": 3422188}, "int_cols_with_na": ["agg_trade_id"], "samples": {"agg_trade_id": [{"timestamp": 1695679200000, "price": 1587.25, "quantity": 0.05249999836087227, "is_buyer_maker": true, "agg_trade_id": null}, {"timestamp": 1695679200000, "price": 1587.260009765625, "quantity": 0.00860000029206276, "is_buyer_maker": false, "agg_trade_id": null}, {"timestamp": 1695679200001, "price": 1587.25, "quantity": 0.045499999076128006, "is_buyer_maker": true, "agg_trade_id": null}, {"timestamp": 1695679200005, "price": 1587.260009765625, "quantity": 0.022700000554323196, "is_buyer_maker": false, "agg_trade_id": null}, {"timestamp": 1695679200005, "price": 1587.260009765625, "quantity": 0.05889999866485596, "is_buyer_maker": false, "agg_trade_id": null}]}}
{"dataset": "klines", "rows": 1545, "na_counts": {}, "int_cols_with_na": [], "samples": {}}
{"dataset": "agg_trades", "rows": 3344544, "na_counts": {"agg_trade_id": 3344544}, "int_cols_with_na": ["agg_trade_id"], "samples": {"agg_trade_id": [{"timestamp": 1696543200000, "price": 1614.449951171875, "quantity": 0.040699999779462814, "is_buyer_maker": true, "agg_trade_id": null}, {"timestamp": 1696543200001, "price": 1614.449951171875, "quantity": 0.029400000348687172, "is_buyer_maker": true, "agg_trade_id": null}, {"timestamp": 1696543200003, "price": 1614.4599609375, "quantity": 0.016499999910593033, "is_buyer_maker": false, "agg_trade_id": null}, {"timestamp": 1696543200003, "price": 1614.4599609375, "quantity": 0.04430000111460686, "is_buyer_maker": false, "agg_trade_id": null}, {"timestamp": 1696543200005, "price": 1614.449951171875, "quantity": 0.050599999725818634, "is_buyer_maker": true, "agg_trade_id": null}]}}
{"dataset": "agg_trades", "rows": 5343356, "na_counts": {"agg_trade_id": 5343356}, "int_cols_with_na": ["agg_trade_id"], "samples": {"agg_trade_id": [{"timestamp": 1706914800000, "price": 2308.889892578125, "quantity": 0.039900001138448715, "is_buyer_maker": false, "agg_trade_id": null}, {"timestamp": 1706914800000, "price": 2308.8798828125, "quantity": 0.03290000185370445, "is_buyer_maker": true, "agg_trade_id": null}, {"timestamp": 1706914800000, "price": 2308.8798828125, "quantity": 0.032600000500679016, "is_buyer_maker": true, "agg_trade_id": null}, {"timestamp": 1706914800001, "price": 2308.889892578125, "quantity": 0.026900000870227814, "is_buyer_maker": false, "agg_trade_id": null}, {"timestamp": 1706914800002, "price": 2308.8798828125, "quantity": 0.00839999970048666, "is_buyer_maker": true, "agg_trade_id": null}]}}
{"dataset": "agg_trades", "rows": 8282424, "na_counts": {"agg_trade_id": 8282424}, "int_cols_with_na": ["agg_trade_id"], "samples": {"agg_trade_id": [{"timestamp": 1704322800000, "price": 2205.3798828125, "quantity": 1.5282000303268433, "is_buyer_maker": true, "agg_trade_id": null}, {"timestamp": 1704322800000, "price": 2205.389892578125, "quantity": 0.007600000128149986, "is_buyer_maker": false, "agg_trade_id": null}, {"timestamp": 1704322800002, "price": 2205.3798828125, "quantity": 0.049300000071525574, "is_buyer_maker": true, "agg_trade_id": null}, {"timestamp": 1704322800002, "price": 2205.3798828125, "quantity": 0.03420000150799751, "is_buyer_maker": true, "agg_trade_id": null}, {"timestamp": 1704322800003, "price": 2205.3798828125, "quantity": 0.015399999916553497, "is_buyer_maker": true, "agg_trade_id": null}]}}
{"dataset": "agg_trades", "rows": 1884467, "na_counts": {"agg_trade_id": 1884467}, "int_cols_with_na": ["agg_trade_id"], "samples": {"agg_trade_id": [{"timestamp": 1690495200000, "price": 1859.0999755859375, "quantity": 0.017100000753998756, "is_buyer_maker": false, "agg_trade_id": null}, {"timestamp": 1690495200005, "price": 1859.0899658203125, "quantity": 0.0284000001847744, "is_buyer_maker": true, "agg_trade_id": null}, {"timestamp": 1690495200005, "price": 1859.0899658203125, "quantity": 0.09549999982118607, "is_buyer_maker": true, "agg_trade_id": null}, {"timestamp": 1690495200005, "price": 1859.0999755859375, "quantity": 0.061400000005960464, "is_buyer_maker": false, "agg_trade_id": null}, {"timestamp": 1690495200007, "price": 1859.0999755859375, "quantity": 0.015200000256299973, "is_buyer_maker": false, "agg_trade_id": null}]}}
{"dataset": "agg_trades", "rows": 1904553, "na_counts": {"agg_trade_id": 1904553}, "int_cols_with_na": ["agg_trade_id"], "samples": {"agg_trade_id": [{"timestamp": 1691359200000, "price": 1830.18994140625, "quantity": 0.02239999920129776, "is_buyer_maker": true, "agg_trade_id": null}, {"timestamp": 1691359200001, "price": 1830.199951171875, "quantity": 0.07500000298023224, "is_buyer_maker": false, "agg_trade_id": null}, {"timestamp": 1691359200001, "price": 1830.18994140625, "quantity": 0.05139999836683273, "is_buyer_maker": true, "agg_trade_id": null}, {"timestamp": 1691359200001, "price": 1830.18994140625, "quantity": 0.17190000414848328, "is_buyer_maker": true, "agg_trade_id": null}, {"timestamp": 1691359200001, "price": 1830.199951171875, "quantity": 0.020400000736117363, "is_buyer_maker": false, "agg_trade_id": null}]}}
{"dataset": "agg_trades", "rows": 13065771, "na_counts": {"agg_trade_id": 13065771}, "int_cols_with_na": ["agg_trade_id"], "samples": {"agg_trade_id": [{"timestamp": 1709506800001, "price": 3473.830078125, "quantity": 0.020099999383091927, "is_buyer_maker": false, "agg_trade_id": null}, {"timestamp": 1709506800001, "price": 3473.820068359375, "quantity": 0.02019999921321869, "is_buyer_maker": true, "agg_trade_id": null}, {"timestamp": 1709506800002, "price": 3473.830078125, "quantity": 0.02500000037252903, "is_buyer_maker": false, "agg_trade_id": null}, {"timestamp": 1709506800003, "price": 3473.830078125, "quantity": 0.010700000450015068, "is_buyer_maker": false, "agg_trade_id": null}, {"timestamp": 1709506800008, "price": 3473.820068359375, "quantity": 0.024000000208616257, "is_buyer_maker": true, "agg_trade_id": null}]}}
{"dataset": "agg_trades", "rows": 4875556, "na_counts": {"agg_trade_id": 4875556}, "int_cols_with_na": ["agg_trade_id"], "samples": {"agg_trade_id": [{"timestamp": 1697407200005, "price": 1560.3399658203125, "quantity": 0.031300000846385956, "is_buyer_maker": false, "agg_trade_id": null}, {"timestamp": 1697407200006, "price": 1560.3299560546875, "quantity": 0.06719999760389328, "is_buyer_maker": true, "agg_trade_id": null}, {"timestamp": 1697407200008, "price": 1560.3399658203125, "quantity": 0.03669999912381172, "is_buyer_maker": false, "agg_trade_id": null}, {"timestamp": 1697407200009, "price": 1560.3399658203125, "quantity": 0.01080000028014183, "is_buyer_maker": false, "agg_trade_id": null}, {"timestamp": 1697407200009, "price": 1560.3299560546875, "quantity": 0.04520000144839287, "is_buyer_maker": true, "agg_trade_id": null}]}}
{"dataset": "agg_trades", "rows": 3039870, "na_counts": {"agg_trade_id": 3039870}, "int_cols_with_na": ["agg_trade_id"], "samples": {"agg_trade_id": [{"timestamp": 1692223200000, "price": 1811.7099609375, "quantity": 0.00860000029206276, "is_buyer_maker": false, "agg_trade_id": null}, {"timestamp": 1692223200006, "price": 1811.699951171875, "quantity": 0.03660000115633011, "is_buyer_maker": true, "agg_trade_id": null}, {"timestamp": 1692223200006, "price": 1811.699951171875, "quantity": 0.05270000174641609, "is_buyer_maker": true, "agg_trade_id": null}, {"timestamp": 1692223200006, "price": 1811.7099609375, "quantity": 0.007400000002235174, "is_buyer_maker": false, "agg_trade_id": null}, {"timestamp": 1692223200007, "price": 1811.7099609375, "quantity": 0.023000000044703484, "is_buyer_maker": false, "agg_trade_id": null}]}}
{"dataset": "agg_trades", "rows": 6244599, "na_counts": {"agg_trade_id": 6244599}, "int_cols_with_na": ["agg_trade_id"], "samples": {"agg_trade_id": [{"timestamp": 1705186800000, "price": 2578.179931640625, "quantity": 0.032499998807907104, "is_buyer_maker": false, "agg_trade_id": null}, {"timestamp": 1705186800000, "price": 2578.169921875, "quantity": 0.008899999782443047, "is_buyer_maker": true, "agg_trade_id": null}, {"timestamp": 1705186800000, "price": 2578.179931640625, "quantity": 0.0272000003606081, "is_buyer_maker": false, "agg_trade_id": null}, {"timestamp": 1705186800000, "price": 2578.169921875, "quantity": 0.017999999225139618, "is_buyer_maker": true, "agg_trade_id": null}, {"timestamp": 1705186800001, "price": 2578.169921875, "quantity": 0.009200000204145908, "is_buyer_maker": true, "agg_trade_id": null}]}}
{"dataset": "agg_trades", "rows": 2227377, "na_counts": {"agg_trade_id": 2227377}, "int_cols_with_na": ["agg_trade_id"], "samples": {"agg_trade_id": [{"timestamp": 1693087200000, "price": 1649.1600341796875, "quantity": 0.05920000001788139, "is_buyer_maker": false, "agg_trade_id": null}, {"timestamp": 1693087200001, "price": 1649.1600341796875, "quantity": 0.16089999675750732, "is_buyer_maker": false, "agg_trade_id": null}, {"timestamp": 1693087200003, "price": 1649.1500244140625, "quantity": 0.0272000003606081, "is_buyer_maker": true, "agg_trade_id": null}, {"timestamp": 1693087200004, "price": 1649.1500244140625, "quantity": 0.01119999960064888, "is_buyer_maker": true, "agg_trade_id": null}, {"timestamp": 1693087200005, "price": 1649.1500244140625, "quantity": 0.014299999922513962, "is_buyer_maker": true, "agg_trade_id": null}]}}
{"dataset": "agg_trades", "rows": 8124554, "na_counts": {"agg_trade_id": 8124554}, "int_cols_with_na": ["agg_trade_id"], "samples": {"agg_trade_id": [{"timestamp": 1707778800004, "price": 2655.070068359375, "quantity": 0.021800000220537186, "is_buyer_maker": false, "agg_trade_id": null}, {"timestamp": 1707778800004, "price": 2655.06005859375, "quantity": 0.0066999997943639755, "is_buyer_maker": true, "agg_trade_id": null}, {"timestamp": 1707778800005, "price": 2655.06005859375, "quantity": 0.02850000001490116, "is_buyer_maker": true, "agg_trade_id": null}, {"timestamp": 1707778800005, "price": 2655.06005859375, "quantity": 0.029600000008940697, "is_buyer_maker": true, "agg_trade_id": null}, {"timestamp": 1707778800006, "price": 2655.070068359375, "quantity": 0.008999999612569809, "is_buyer_maker": false, "agg_trade_id": null}]}}
{"dataset": "agg_trades", "rows": 2404958, "na_counts": {"agg_trade_id": 2404958}, "int_cols_with_na": ["agg_trade_id"], "samples": {"agg_trade_id": [{"timestamp": 1693951200005, "price": 1630.2900390625, "quantity": 0.032099999487400055, "is_buyer_maker": false, "agg_trade_id": null}, {"timestamp": 1693951200006, "price": 1630.280029296875, "quantity": 0.05400000140070915, "is_buyer_maker": true, "agg_trade_id": null}, {"timestamp": 1693951200010, "price": 1630.280029296875, "quantity": 0.040699999779462814, "is_buyer_maker": true, "agg_trade_id": null}, {"timestamp": 1693951200012, "price": 1630.2900390625, "quantity": 0.045499999076128006, "is_buyer_maker": false, "agg_trade_id": null}, {"timestamp": 1693951200060, "price": 1630.2900390625, "quantity": 3.200000047683716, "is_buyer_maker": false, "agg_trade_id": null}]}}
{"dataset": "agg_trades", "rows": 5115502, "na_counts": {"agg_trade_id": 5115502}, "int_cols_with_na": ["agg_trade_id"], "samples": {"agg_trade_id": [{"timestamp": 1706050800000, "price": 2226.419921875, "quantity": 0.04479999840259552, "is_buyer_maker": false, "agg_trade_id": null}, {"timestamp": 1706050800000, "price": 2226.419921875, "quantity": 0.041999999433755875, "is_buyer_maker": false, "agg_trade_id": null}, {"timestamp": 1706050800000, "price": 2226.409912109375, "quantity": 0.018300000578165054, "is_buyer_maker": true, "agg_trade_id": null}, {"timestamp": 1706050800001, "price": 2226.419921875, "quantity": 0.034299999475479126, "is_buyer_maker": false, "agg_trade_id": null}, {"timestamp": 1706050800002, "price": 2226.409912109375, "quantity": 0.03709999844431877, "is_buyer_maker": true, "agg_trade_id": null}]}}
{"dataset": "agg_trades", "rows": 2461250, "na_counts": {"agg_trade_id": 2461250}, "int_cols_with_na": ["agg_trade_id"], "samples": {"agg_trade_id": [{"timestamp": 1694815200000, "price": 1631.9000244140625, "quantity": 0.014600000344216824, "is_buyer_maker": false, "agg_trade_id": null}, {"timestamp": 1694815200001, "price": 1631.9000244140625, "quantity": 0.0406000018119812, "is_buyer_maker": false, "agg_trade_id": null}, {"timestamp": 1694815200002, "price": 1631.9000244140625, "quantity": 0.019899999722838402, "is_buyer_maker": false, "agg_trade_id": null}, {"timestamp": 1694815200004, "price": 1631.8900146484375, "quantity": 0.06440000236034393, "is_buyer_maker": true, "agg_trade_id": null}, {"timestamp": 1694815200006, "price": 1631.9000244140625, "quantity": 0.012600000016391277, "is_buyer_maker": false, "agg_trade_id": null}]}}
{"dataset": "agg_trades", "rows": 3422188, "na_counts": {"agg_trade_id": 3422188}, "int_cols_with_na": ["agg_trade_id"], "samples": {"agg_trade_id": [{"timestamp": 1695679200000, "price": 1587.25, "quantity": 0.05249999836087227, "is_buyer_maker": true, "agg_trade_id": null}, {"timestamp": 1695679200000, "price": 1587.260009765625, "quantity": 0.00860000029206276, "is_buyer_maker": false, "agg_trade_id": null}, {"timestamp": 1695679200001, "price": 1587.25, "quantity": 0.045499999076128006, "is_buyer_maker": true, "agg_trade_id": null}, {"timestamp": 1695679200005, "price": 1587.260009765625, "quantity": 0.022700000554323196, "is_buyer_maker": false, "agg_trade_id": null}, {"timestamp": 1695679200005, "price": 1587.260009765625, "quantity": 0.05889999866485596, "is_buyer_maker": false, "agg_trade_id": null}]}}
{"dataset": "agg_trades", "rows": 5343356, "na_counts": {"agg_trade_id": 5343356}, "int_cols_with_na": ["agg_trade_id"], "samples": {"agg_trade_id": [{"timestamp": 1706914800000, "price": 2308.889892578125, "quantity": 0.039900001138448715, "is_buyer_maker": false, "agg_trade_id": null}, {"timestamp": 1706914800000, "price": 2308.8798828125, "quantity": 0.03290000185370445, "is_buyer_maker": true, "agg_trade_id": null}, {"timestamp": 1706914800000, "price": 2308.8798828125, "quantity": 0.032600000500679016, "is_buyer_maker": true, "agg_trade_id": null}, {"timestamp": 1706914800001, "price": 2308.889892578125, "quantity": 0.026900000870227814, "is_buyer_maker": false, "agg_trade_id": null}, {"timestamp": 1706914800002, "price": 2308.8798828125, "quantity": 0.00839999970048666, "is_buyer_maker": true, "agg_trade_id": null}]}}
{"dataset": "agg_trades", "rows": 3344544, "na_counts": {"agg_trade_id": 3344544}, "int_cols_with_na": ["agg_trade_id"], "samples": {"agg_trade_id": [{"timestamp": 1696543200000, "price": 1614.449951171875, "quantity": 0.040699999779462814, "is_buyer_maker": true, "agg_trade_id": null}, {"timestamp": 1696543200001, "price": 1614.449951171875, "quantity": 0.029400000348687172, "is_buyer_maker": true, "agg_trade_id": null}, {"timestamp": 1696543200003, "price": 1614.4599609375, "quantity": 0.016499999910593033, "is_buyer_maker": false, "agg_trade_id": null}, {"timestamp": 1696543200003, "price": 1614.4599609375, "quantity": 0.04430000111460686, "is_buyer_maker": false, "agg_trade_id": null}, {"timestamp": 1696543200005, "price": 1614.449951171875, "quantity": 0.050599999725818634, "is_buyer_maker": true, "agg_trade_id": null}]}}
{"dataset": "agg_trades", "rows": 9614992, "na_counts": {"agg_trade_id": 9614992}, "int_cols_with_na": ["agg_trade_id"], "samples": {"agg_trade_id": [{"timestamp": 1708642800000, "price": 2987.889892578125, "quantity": 0.006200000178068876, "is_buyer_maker": true, "agg_trade_id": null}, {"timestamp": 1708642800000, "price": 2987.89990234375, "quantity": 0.027400000020861626, "is_buyer_maker": false, "agg_trade_id": null}, {"timestamp": 1708642800000, "price": 2987.889892578125, "quantity": 0.012900000438094139, "is_buyer_maker": true, "agg_trade_id": null}, {"timestamp": 1708642800002, "price": 2987.889892578125, "quantity": 0.027400000020861626, "is_buyer_maker": true, "agg_trade_id": null}, {"timestamp": 1708642800002, "price": 2987.889892578125, "quantity": 0.00419999985024333, "is_buyer_maker": true, "agg_trade_id": null}]}}
{"dataset": "agg_trades", "rows": 13909378, "na_counts": {"agg_trade_id": 13909378}, "int_cols_with_na": ["agg_trade_id"], "samples": {"agg_trade_id": [{"timestamp": 1710370800004, "price": 3983.10009765625, "quantity": 0.01860000006854534, "is_buyer_maker": true, "agg_trade_id": null}, {"timestamp": 1710370800004, "price": 3983.110107421875, "quantity": 0.01940000057220459, "is_buyer_maker": false, "agg_trade_id": null}, {"timestamp": 1710370800007, "price": 3983.110107421875, "quantity": 0.01590000092983246, "is_buyer_maker": false, "agg_trade_id": null}, {"timestamp": 1710370800007, "price": 3983.110107421875, "quantity": 0.024900000542402267, "is_buyer_maker": false, "agg_trade_id": null}, {"timestamp": 1710370800008, "price": 3983.110107421875, "quantity": 0.008700000122189522, "is_buyer_maker": false, "agg_trade_id": null}]}}
{"dataset": "agg_trades", "rows": 4875556, "na_counts": {"agg_trade_id": 4875556}, "int_cols_with_na": ["agg_trade_id"], "samples": {"agg_trade_id": [{"timestamp": 1697407200005, "price": 1560.3399658203125, "quantity": 0.031300000846385956, "is_buyer_maker": false, "agg_trade_id": null}, {"timestamp": 1697407200006, "price": 1560.3299560546875, "quantity": 0.06719999760389328, "is_buyer_maker": true, "agg_trade_id": null}, {"timestamp": 1697407200008, "price": 1560.3399658203125, "quantity": 0.03669999912381172, "is_buyer_maker": false, "agg_trade_id": null}, {"timestamp": 1697407200009, "price": 1560.3399658203125, "quantity": 0.01080000028014183, "is_buyer_maker": false, "agg_trade_id": null}, {"timestamp": 1697407200009, "price": 1560.3299560546875, "quantity": 0.04520000144839287, "is_buyer_maker": true, "agg_trade_id": null}]}}
{"dataset": "agg_trades", "rows": 8124554, "na_counts": {"agg_trade_id": 8124554}, "int_cols_with_na": ["agg_trade_id"], "samples": {"agg_trade_id": [{"timestamp": 1707778800004, "price": 2655.070068359375, "quantity": 0.021800000220537186, "is_buyer_maker": false, "agg_trade_id": null}, {"timestamp": 1707778800004, "price": 2655.06005859375, "quantity": 0.0066999997943639755, "is_buyer_maker": true, "agg_trade_id": null}, {"timestamp": 1707778800005, "price": 2655.06005859375, "quantity": 0.02850000001490116, "is_buyer_maker": true, "agg_trade_id": null}, {"timestamp": 1707778800005, "price": 2655.06005859375, "quantity": 0.029600000008940697, "is_buyer_maker": true, "agg_trade_id": null}, {"timestamp": 1707778800006, "price": 2655.070068359375, "quantity": 0.008999999612569809, "is_buyer_maker": false, "agg_trade_id": null}]}}
{"dataset": "agg_trades", "rows": 4344953, "na_counts": {"agg_trade_id": 4344953}, "int_cols_with_na": ["agg_trade_id"], "samples": {"agg_trade_id": [{"timestamp": 1698271200000, "price": 1788.9200439453125, "quantity": 0.042399998754262924, "is_buyer_maker": true, "agg_trade_id": null}, {"timestamp": 1698271200000, "price": 1788.9300537109375, "quantity": 0.04969999939203262, "is_buyer_maker": false, "agg_trade_id": null}, {"timestamp": 1698271200000, "price": 1788.9300537109375, "quantity": 0.026499999687075615, "is_buyer_maker": false, "agg_trade_id": null}, {"timestamp": 1698271200001, "price": 1788.9200439453125, "quantity": 0.026399999856948853, "is_buyer_maker": true, "agg_trade_id": null}, {"timestamp": 1698271200002, "price": 1788.9300537109375, "quantity": 0.008299999870359898, "is_buyer_maker": false, "agg_trade_id": null}]}}
{"dataset": "agg_trades", "rows": 8542831, "na_counts": {"agg_trade_id": 8542831}, "int_cols_with_na": ["agg_trade_id"], "samples": {"agg_trade_id": [{"timestamp": 1711234800000, "price": 3377.10009765625, "quantity": 0.01850000023841858, "is_buyer_maker": false, "agg_trade_id": null}, {"timestamp": 1711234800001, "price": 3377.10009765625, "quantity": 0.003800000064074993, "is_buyer_maker": false, "agg_trade_id": null}, {"timestamp": 1711234800001, "price": 3377.10009765625, "quantity": 0.015399999916553497, "is_buyer_maker": false, "agg_trade_id": null}, {"timestamp": 1711234800001, "price": 3377.090087890625, "quantity": 0.006399999838322401, "is_buyer_maker": true, "agg_trade_id": null}, {"timestamp": 1711234800004, "price": 3377.090087890625, "quantity": 0.026900000870227814, "is_buyer_maker": true, "agg_trade_id": null}]}}
{"dataset": "agg_trades", "rows": 13065771, "na_counts": {"agg_trade_id": 13065771}, "int_cols_with_na": ["agg_trade_id"], "samples": {"agg_trade_id": [{"timestamp": 1709506800001, "price": 3473.830078125, "quantity": 0.020099999383091927, "is_buyer_maker": false, "agg_trade_id": null}, {"timestamp": 1709506800001, "price": 3473.820068359375, "quantity": 0.02019999921321869, "is_buyer_maker": true, "agg_trade_id": null}, {"timestamp": 1709506800002, "price": 3473.830078125, "quantity": 0.02500000037252903, "is_buyer_maker": false, "agg_trade_id": null}, {"timestamp": 1709506800003, "price": 3473.830078125, "quantity": 0.010700000450015068, "is_buyer_maker": false, "agg_trade_id": null}, {"timestamp": 1709506800008, "price": 3473.820068359375, "quantity": 0.024000000208616257, "is_buyer_maker": true, "agg_trade_id": null}]}}
{"dataset": "agg_trades", "rows": 6015818, "na_counts": {"agg_trade_id": 6015818}, "int_cols_with_na": ["agg_trade_id"], "samples": {"agg_trade_id": [{"timestamp": 1699138800000, "price": 1857.800048828125, "quantity": 0.03460000082850456, "is_buyer_maker": true, "agg_trade_id": null}, {"timestamp": 1699138800001, "price": 1857.800048828125, "quantity": 0.04500000178813934, "is_buyer_maker": true, "agg_trade_id": null}, {"timestamp": 1699138800003, "price": 1857.81005859375, "quantity": 0.007400000002235174, "is_buyer_maker": false, "agg_trade_id": null}, {"timestamp": 1699138800003, "price": 1857.8599853515625, "quantity": 0.028300000354647636, "is_buyer_maker": false, "agg_trade_id": null}, {"timestamp": 1699138800003, "price": 1857.8900146484375, "quantity": 0.0003000000142492354, "is_buyer_maker": false, "agg_trade_id": null}]}}
{"dataset": "agg_trades", "rows": 7265830, "na_counts": {"agg_trade_id": 7265830}, "int_cols_with_na": ["agg_trade_id"], "samples": {"agg_trade_id": [{"timestamp": 1712095200002, "price": 3266.199951171875, "quantity": 1.4974000453948975, "is_buyer_maker": false, "agg_trade_id": null}, {"timestamp": 1712095200002, "price": 3266.219970703125, "quantity": 0.01860000006854534, "is_buyer_maker": false, "agg_trade_id": null}, {"timestamp": 1712095200002, "price": 3266.219970703125, "quantity": 2.875, "is_buyer_maker": false, "agg_trade_id": null}, {"timestamp": 1712095200003, "price": 3266.2099609375, "quantity": 0.022700000554323196, "is_buyer_maker": true, "agg_trade_id": null}, {"timestamp": 1712095200004, "price": 3266.219970703125, "quantity": 0.003700000001117587, "is_buyer_maker": false, "agg_trade_id": null}]}}
{"dataset": "agg_trades", "rows": 9614992, "na_counts": {"agg_trade_id": 9614992}, "int_cols_with_na": ["agg_trade_id"], "samples": {"agg_trade_id": [{"timestamp": 1708642800000, "price": 2987.889892578125, "quantity": 0.006200000178068876, "is_buyer_maker": true, "agg_trade_id": null}, {"timestamp": 1708642800000, "price": 2987.89990234375, "quantity": 0.027400000020861626, "is_buyer_maker": false, "agg_trade_id": null}, {"timestamp": 1708642800000, "price": 2987.889892578125, "quantity": 0.012900000438094139, "is_buyer_maker": true, "agg_trade_id": null}, {"timestamp": 1708642800002, "price": 2987.889892578125, "quantity": 0.027400000020861626, "is_buyer_maker": true, "agg_trade_id": null}, {"timestamp": 1708642800002, "price": 2987.889892578125, "quantity": 0.00419999985024333, "is_buyer_maker": true, "agg_trade_id": null}]}}
{"dataset": "agg_trades", "rows": 5222337, "na_counts": {"agg_trade_id": 5222337}, "int_cols_with_na": ["agg_trade_id"], "samples": {"agg_trade_id": [{"timestamp": 1700002800000, "price": 1986.800048828125, "quantity": 0.03590000048279762, "is_buyer_maker": true, "agg_trade_id": null}, {"timestamp": 1700002800001, "price": 1986.81005859375, "quantity": 0.05299999937415123, "is_buyer_maker": false, "agg_trade_id": null}, {"timestamp": 1700002800002, "price": 1986.800048828125, "quantity": 0.03359999880194664, "is_buyer_maker": true, "agg_trade_id": null}, {"timestamp": 1700002800003, "price": 1986.800048828125, "quantity": 0.02710000053048134, "is_buyer_maker": true, "agg_trade_id": null}, {"timestamp": 1700002800004, "price": 1986.800048828125, "quantity": 0.051600001752376556, "is_buyer_maker": true, "agg_trade_id": null}]}}
{"dataset": "agg_trades", "rows": 4232314, "na_counts": {"agg_trade_id": 4232314}, "int_cols_with_na": ["agg_trade_id"], "samples": {"agg_trade_id": [{"timestamp": 1700866800000, "price": 2073.929931640625, "quantity": 0.008899999782443047, "is_buyer_maker": false, "agg_trade_id": null}, {"timestamp": 1700866800000, "price": 2073.929931640625, "quantity": 0.025699999183416367, "is_buyer_maker": false, "agg_trade_id": null}, {"timestamp": 1700866800000, "price": 2073.929931640625, "quantity": 0.027899999171495438, "is_buyer_maker": false, "agg_trade_id": null}, {"timestamp": 1700866800001, "price": 2073.929931640625, "quantity": 0.042899999767541885, "is_buyer_maker": false, "agg_trade_id": null}, {"timestamp": 1700866800002, "price": 2073.929931640625, "quantity": 0.012900000438094139, "is_buyer_maker": false, "agg_trade_id": null}]}}
{"dataset": "agg_trades", "rows": 13909378, "na_counts": {"agg_trade_id": 13909378}, "int_cols_with_na": ["agg_trade_id"], "samples": {"agg_trade_id": [{"timestamp": 1710370800004, "price": 3983.10009765625, "quantity": 0.01860000006854534, "is_buyer_maker": true, "agg_trade_id": null}, {"timestamp": 1710370800004, "price": 3983.110107421875, "quantity": 0.01940000057220459, "is_buyer_maker": false, "agg_trade_id": null}, {"timestamp": 1710370800007, "price": 3983.110107421875, "quantity": 0.01590000092983246, "is_buyer_maker": false, "agg_trade_id": null}, {"timestamp": 1710370800007, "price": 3983.110107421875, "quantity": 0.024900000542402267, "is_buyer_maker": false, "agg_trade_id": null}, {"timestamp": 1710370800008, "price": 3983.110107421875, "quantity": 0.008700000122189522, "is_buyer_maker": false, "agg_trade_id": null}]}}
{"dataset": "agg_trades", "rows": 6074071, "na_counts": {"agg_trade_id": 6074071}, "int_cols_with_na": ["agg_trade_id"], "samples": {"agg_trade_id": [{"timestamp": 1701730800000, "price": 2228.070068359375, "quantity": 0.023399999365210533, "is_buyer_maker": true, "agg_trade_id": null}, {"timestamp": 1701730800000, "price": 2228.080078125, "quantity": 0.026599999517202377, "is_buyer_maker": false, "agg_trade_id": null}, {"timestamp": 1701730800000, "price": 2228.080078125, "quantity": 0.023000000044703484, "is_buyer_maker": false, "agg_trade_id": null}, {"timestamp": 1701730800004, "price": 2228.080078125, "quantity": 0.008799999952316284, "is_buyer_maker": false, "agg_trade_id": null}, {"timestamp": 1701730800005, "price": 2228.080078125, "quantity": 0.025800000876188278, "is_buyer_maker": false, "agg_trade_id": null}]}}
{"dataset": "agg_trades", "rows": 13065771, "na_counts": {"agg_trade_id": 13065771}, "int_cols_with_na": ["agg_trade_id"], "samples": {"agg_trade_id": [{"timestamp": 1709506800001, "price": 3473.830078125, "quantity": 0.020099999383091927, "is_buyer_maker": false, "agg_trade_id": null}, {"timestamp": 1709506800001, "price": 3473.820068359375, "quantity": 0.02019999921321869, "is_buyer_maker": true, "agg_trade_id": null}, {"timestamp": 1709506800002, "price": 3473.830078125, "quantity": 0.02500000037252903, "is_buyer_maker": false, "agg_trade_id": null}, {"timestamp": 1709506800003, "price": 3473.830078125, "quantity": 0.010700000450015068, "is_buyer_maker": false, "agg_trade_id": null}, {"timestamp": 1709506800008, "price": 3473.820068359375, "quantity": 0.024000000208616257, "is_buyer_maker": true, "agg_trade_id": null}]}}
{"dataset": "agg_trades", "rows": 5404226, "na_counts": {"agg_trade_id": 5404226}, "int_cols_with_na": ["agg_trade_id"], "samples": {"agg_trade_id": [{"timestamp": 1702594800000, "price": 2314.949951171875, "quantity": 0.015799999237060547, "is_buyer_maker": true, "agg_trade_id": null}, {"timestamp": 1702594800000, "price": 2314.949951171875, "quantity": 0.021700000390410423, "is_buyer_maker": true, "agg_trade_id": null}, {"timestamp": 1702594800000, "price": 2314.9599609375, "quantity": 0.025299999862909317, "is_buyer_maker": false, "agg_trade_id": null}, {"timestamp": 1702594800001, "price": 2314.9599609375, "quantity": 0.030899999663233757, "is_buyer_maker": false, "agg_trade_id": null}, {"timestamp": 1702594800001, "price": 2314.9599609375, "quantity": 0.008700000122189522, "is_buyer_maker": false, "agg_trade_id": null}]}}
{"dataset": "agg_trades", "rows": 8542831, "na_counts": {"agg_trade_id": 8542831}, "int_cols_with_na": ["agg_trade_id"], "samples": {"agg_trade_id": [{"timestamp": 1711234800000, "price": 3377.10009765625, "quantity": 0.01850000023841858, "is_buyer_maker": false, "agg_trade_id": null}, {"timestamp": 1711234800001, "price": 3377.10009765625, "quantity": 0.003800000064074993, "is_buyer_maker": false, "agg_trade_id": null}, {"timestamp": 1711234800001, "price": 3377.10009765625, "quantity": 0.015399999916553497, "is_buyer_maker": false, "agg_trade_id": null}, {"timestamp": 1711234800001, "price": 3377.090087890625, "quantity": 0.006399999838322401, "is_buyer_maker": true, "agg_trade_id": null}, {"timestamp": 1711234800004, "price": 3377.090087890625, "quantity": 0.026900000870227814, "is_buyer_maker": true, "agg_trade_id": null}]}}
{"dataset": "agg_trades", "rows": 6247328, "na_counts": {"agg_trade_id": 6247328}, "int_cols_with_na": ["agg_trade_id"], "samples": {"agg_trade_id": [{"timestamp": 1703458800000, "price": 2259.60009765625, "quantity": 0.014700000174343586, "is_buyer_maker": false, "agg_trade_id": null}, {"timestamp": 1703458800000, "price": 2259.60009765625, "quantity": 0.03970000147819519, "is_buyer_maker": false, "agg_trade_id": null}, {"timestamp": 1703458800003, "price": 2259.60009765625, "quantity": 0.01720000058412552, "is_buyer_maker": false, "agg_trade_id": null}, {"timestamp": 1703458800006, "price": 2259.60009765625, "quantity": 0.011099999770522118, "is_buyer_maker": false, "agg_trade_id": null}, {"timestamp": 1703458800006, "price": 2259.590087890625, "quantity": 0.0272000003606081, "is_buyer_maker": true, "agg_trade_id": null}]}}
{"dataset": "agg_trades", "rows": 7265830, "na_counts": {"agg_trade_id": 7265830}, "int_cols_with_na": ["agg_trade_id"], "samples": {"agg_trade_id": [{"timestamp": 1712095200002, "price": 3266.199951171875, "quantity": 1.4974000453948975, "is_buyer_maker": false, "agg_trade_id": null}, {"timestamp": 1712095200002, "price": 3266.219970703125, "quantity": 0.01860000006854534, "is_buyer_maker": false, "agg_trade_id": null}, {"timestamp": 1712095200002, "price": 3266.219970703125, "quantity": 2.875, "is_buyer_maker": false, "agg_trade_id": null}, {"timestamp": 1712095200003, "price": 3266.2099609375, "quantity": 0.022700000554323196, "is_buyer_maker": true, "agg_trade_id": null}, {"timestamp": 1712095200004, "price": 3266.219970703125, "quantity": 0.003700000001117587, "is_buyer_maker": false, "agg_trade_id": null}]}}
{"dataset": "agg_trades", "rows": 13909378, "na_counts": {"agg_trade_id": 13909378}, "int_cols_with_na": ["agg_trade_id"], "samples": {"agg_trade_id": [{"timestamp": 1710370800004, "price": 3983.10009765625, "quantity": 0.01860000006854534, "is_buyer_maker": true, "agg_trade_id": null}, {"timestamp": 1710370800004, "price": 3983.110107421875, "quantity": 0.01940000057220459, "is_buyer_maker": false, "agg_trade_id": null}, {"timestamp": 1710370800007, "price": 3983.110107421875, "quantity": 0.01590000092983246, "is_buyer_maker": false, "agg_trade_id": null}, {"timestamp": 1710370800007, "price": 3983.110107421875, "quantity": 0.024900000542402267, "is_buyer_maker": false, "agg_trade_id": null}, {"timestamp": 1710370800008, "price": 3983.110107421875, "quantity": 0.008700000122189522, "is_buyer_maker": false, "agg_trade_id": null}]}}
{"dataset": "agg_trades", "rows": 8282424, "na_counts": {"agg_trade_id": 8282424}, "int_cols_with_na": ["agg_trade_id"], "samples": {"agg_trade_id": [{"timestamp": 1704322800000, "price": 2205.3798828125, "quantity": 1.5282000303268433, "is_buyer_maker": true, "agg_trade_id": null}, {"timestamp": 1704322800000, "price": 2205.389892578125, "quantity": 0.007600000128149986, "is_buyer_maker": false, "agg_trade_id": null}, {"timestamp": 1704322800002, "price": 2205.3798828125, "quantity": 0.049300000071525574, "is_buyer_maker": true, "agg_trade_id": null}, {"timestamp": 1704322800002, "price": 2205.3798828125, "quantity": 0.03420000150799751, "is_buyer_maker": true, "agg_trade_id": null}, {"timestamp": 1704322800003, "price": 2205.3798828125, "quantity": 0.015399999916553497, "is_buyer_maker": true, "agg_trade_id": null}]}}
{"dataset": "agg_trades", "rows": 8542831, "na_counts": {"agg_trade_id": 8542831}, "int_cols_with_na": ["agg_trade_id"], "samples": {"agg_trade_id": [{"timestamp": 1711234800000, "price": 3377.10009765625, "quantity": 0.01850000023841858, "is_buyer_maker": false, "agg_trade_id": null}, {"timestamp": 1711234800001, "price": 3377.10009765625, "quantity": 0.003800000064074993, "is_buyer_maker": false, "agg_trade_id": null}, {"timestamp": 1711234800001, "price": 3377.10009765625, "quantity": 0.015399999916553497, "is_buyer_maker": false, "agg_trade_id": null}, {"timestamp": 1711234800001, "price": 3377.090087890625, "quantity": 0.006399999838322401, "is_buyer_maker": true, "agg_trade_id": null}, {"timestamp": 1711234800004, "price": 3377.090087890625, "quantity": 0.026900000870227814, "is_buyer_maker": true, "agg_trade_id": null}]}}
{"dataset": "agg_trades", "rows": 6244599, "na_counts": {"agg_trade_id": 6244599}, "int_cols_with_na": ["agg_trade_id"], "samples": {"agg_trade_id": [{"timestamp": 1705186800000, "price": 2578.179931640625, "quantity": 0.032499998807907104, "is_buyer_maker": false, "agg_trade_id": null}, {"timestamp": 1705186800000, "price": 2578.169921875, "quantity": 0.008899999782443047, "is_buyer_maker": true, "agg_trade_id": null}, {"timestamp": 1705186800000, "price": 2578.179931640625, "quantity": 0.0272000003606081, "is_buyer_maker": false, "agg_trade_id": null}, {"timestamp": 1705186800000, "price": 2578.169921875, "quantity": 0.017999999225139618, "is_buyer_maker": true, "agg_trade_id": null}, {"timestamp": 1705186800001, "price": 2578.169921875, "quantity": 0.009200000204145908, "is_buyer_maker": true, "agg_trade_id": null}]}}
{"dataset": "agg_trades", "rows": 9574210, "na_counts": {"agg_trade_id": 9574210}, "int_cols_with_na": ["agg_trade_id"], "samples": {"agg_trade_id": [{"timestamp": 1712959200000, "price": 3218.800048828125, "quantity": 0.012900000438094139, "is_buyer_maker": true, "agg_trade_id": null}, {"timestamp": 1712959200000, "price": 3218.81005859375, "quantity": 0.022199999541044235, "is_buyer_maker": false, "agg_trade_id": null}, {"timestamp": 1712959200005, "price": 3218.800048828125, "quantity": 0.015599999576807022, "is_buyer_maker": true, "agg_trade_id": null}, {"timestamp": 1712959200005, "price": 3218.800048828125, "quantity": 0.02239999920129776, "is_buyer_maker": true, "agg_trade_id": null}, {"timestamp": 1712959200006, "price": 3218.81005859375, "quantity": 0.010099999606609344, "is_buyer_maker": false, "agg_trade_id": null}]}}
{"dataset": "agg_trades", "rows": 5115502, "na_counts": {"agg_trade_id": 5115502}, "int_cols_with_na": ["agg_trade_id"], "samples": {"agg_trade_id": [{"timestamp": 1706050800000, "price": 2226.419921875, "quantity": 0.04479999840259552, "is_buyer_maker": false, "agg_trade_id": null}, {"timestamp": 1706050800000, "price": 2226.419921875, "quantity": 0.041999999433755875, "is_buyer_maker": false, "agg_trade_id": null}, {"timestamp": 1706050800000, "price": 2226.409912109375, "quantity": 0.018300000578165054, "is_buyer_maker": true, "agg_trade_id": null}, {"timestamp": 1706050800001, "price": 2226.419921875, "quantity": 0.034299999475479126, "is_buyer_maker": false, "agg_trade_id": null}, {"timestamp": 1706050800002, "price": 2226.409912109375, "quantity": 0.03709999844431877, "is_buyer_maker": true, "agg_trade_id": null}]}}
{"dataset": "agg_trades", "rows": 7265830, "na_counts": {"agg_trade_id": 7265830}, "int_cols_with_na": ["agg_trade_id"], "samples": {"agg_trade_id": [{"timestamp": 1712095200002, "price": 3266.199951171875, "quantity": 1.4974000453948975, "is_buyer_maker": false, "agg_trade_id": null}, {"timestamp": 1712095200002, "price": 3266.219970703125, "quantity": 0.01860000006854534, "is_buyer_maker": false, "agg_trade_id": null}, {"timestamp": 1712095200002, "price": 3266.219970703125, "quantity": 2.875, "is_buyer_maker": false, "agg_trade_id": null}, {"timestamp": 1712095200003, "price": 3266.2099609375, "quantity": 0.022700000554323196, "is_buyer_maker": true, "agg_trade_id": null}, {"timestamp": 1712095200004, "price": 3266.219970703125, "quantity": 0.003700000001117587, "is_buyer_maker": false, "agg_trade_id": null}]}}
{"dataset": "agg_trades", "rows": 5343356, "na_counts": {"agg_trade_id": 5343356}, "int_cols_with_na": ["agg_trade_id"], "samples": {"agg_trade_id": [{"timestamp": 1706914800000, "price": 2308.889892578125, "quantity": 0.039900001138448715, "is_buyer_maker": false, "agg_trade_id": null}, {"timestamp": 1706914800000, "price": 2308.8798828125, "quantity": 0.03290000185370445, "is_buyer_maker": true, "agg_trade_id": null}, {"timestamp": 1706914800000, "price": 2308.8798828125, "quantity": 0.032600000500679016, "is_buyer_maker": true, "agg_trade_id": null}, {"timestamp": 1706914800001, "price": 2308.889892578125, "quantity": 0.026900000870227814, "is_buyer_maker": false, "agg_trade_id": null}, {"timestamp": 1706914800002, "price": 2308.8798828125, "quantity": 0.00839999970048666, "is_buyer_maker": true, "agg_trade_id": null}]}}
{"dataset": "agg_trades", "rows": 9574210, "na_counts": {"agg_trade_id": 9574210}, "int_cols_with_na": ["agg_trade_id"], "samples": {"agg_trade_id": [{"timestamp": 1712959200000, "price": 3218.800048828125, "quantity": 0.012900000438094139, "is_buyer_maker": true, "agg_trade_id": null}, {"timestamp": 1712959200000, "price": 3218.81005859375, "quantity": 0.022199999541044235, "is_buyer_maker": false, "agg_trade_id": null}, {"timestamp": 1712959200005, "price": 3218.800048828125, "quantity": 0.015599999576807022, "is_buyer_maker": true, "agg_trade_id": null}, {"timestamp": 1712959200005, "price": 3218.800048828125, "quantity": 0.02239999920129776, "is_buyer_maker": true, "agg_trade_id": null}, {"timestamp": 1712959200006, "price": 3218.81005859375, "quantity": 0.010099999606609344, "is_buyer_maker": false, "agg_trade_id": null}]}}
{"dataset": "agg_trades", "rows": 8124554, "na_counts": {"agg_trade_id": 8124554}, "int_cols_with_na": ["agg_trade_id"], "samples": {"agg_trade_id": [{"timestamp": 1707778800004, "price": 2655.070068359375, "quantity": 0.021800000220537186, "is_buyer_maker": false, "agg_trade_id": null}, {"timestamp": 1707778800004, "price": 2655.06005859375, "quantity": 0.0066999997943639755, "is_buyer_maker": true, "agg_trade_id": null}, {"timestamp": 1707778800005, "price": 2655.06005859375, "quantity": 0.02850000001490116, "is_buyer_maker": true, "agg_trade_id": null}, {"timestamp": 1707778800005, "price": 2655.06005859375, "quantity": 0.029600000008940697, "is_buyer_maker": true, "agg_trade_id": null}, {"timestamp": 1707778800006, "price": 2655.070068359375, "quantity": 0.008999999612569809, "is_buyer_maker": false, "agg_trade_id": null}]}}
{"dataset": "agg_trades", "rows": 9614992, "na_counts": {"agg_trade_id": 9614992}, "int_cols_with_na": ["agg_trade_id"], "samples": {"agg_trade_id": [{"timestamp": 1708642800000, "price": 2987.889892578125, "quantity": 0.006200000178068876, "is_buyer_maker": true, "agg_trade_id": null}, {"timestamp": 1708642800000, "price": 2987.89990234375, "quantity": 0.027400000020861626, "is_buyer_maker": false, "agg_trade_id": null}, {"timestamp": 1708642800000, "price": 2987.889892578125, "quantity": 0.012900000438094139, "is_buyer_maker": true, "agg_trade_id": null}, {"timestamp": 1708642800002, "price": 2987.889892578125, "quantity": 0.027400000020861626, "is_buyer_maker": true, "agg_trade_id": null}, {"timestamp": 1708642800002, "price": 2987.889892578125, "quantity": 0.00419999985024333, "is_buyer_maker": true, "agg_trade_id": null}]}}
{"dataset": "agg_trades", "rows": 13065771, "na_counts": {"agg_trade_id": 13065771}, "int_cols_with_na": ["agg_trade_id"], "samples": {"agg_trade_id": [{"timestamp": 1709506800001, "price": 3473.830078125, "quantity": 0.020099999383091927, "is_buyer_maker": false, "agg_trade_id": null}, {"timestamp": 1709506800001, "price": 3473.820068359375, "quantity": 0.02019999921321869, "is_buyer_maker": true, "agg_trade_id": null}, {"timestamp": 1709506800002, "price": 3473.830078125, "quantity": 0.02500000037252903, "is_buyer_maker": false, "agg_trade_id": null}, {"timestamp": 1709506800003, "price": 3473.830078125, "quantity": 0.010700000450015068, "is_buyer_maker": false, "agg_trade_id": null}, {"timestamp": 1709506800008, "price": 3473.820068359375, "quantity": 0.024000000208616257, "is_buyer_maker": true, "agg_trade_id": null}]}}
{"dataset": "agg_trades", "rows": 13909378, "na_counts": {"agg_trade_id": 13909378}, "int_cols_with_na": ["agg_trade_id"], "samples": {"agg_trade_id": [{"timestamp": 1710370800004, "price": 3983.10009765625, "quantity": 0.01860000006854534, "is_buyer_maker": true, "agg_trade_id": null}, {"timestamp": 1710370800004, "price": 3983.110107421875, "quantity": 0.01940000057220459, "is_buyer_maker": false, "agg_trade_id": null}, {"timestamp": 1710370800007, "price": 3983.110107421875, "quantity": 0.01590000092983246, "is_buyer_maker": false, "agg_trade_id": null}, {"timestamp": 1710370800007, "price": 3983.110107421875, "quantity": 0.024900000542402267, "is_buyer_maker": false, "agg_trade_id": null}, {"timestamp": 1710370800008, "price": 3983.110107421875, "quantity": 0.008700000122189522, "is_buyer_maker": false, "agg_trade_id": null}]}}
{"dataset": "agg_trades", "rows": 8542831, "na_counts": {"agg_trade_id": 8542831}, "int_cols_with_na": ["agg_trade_id"], "samples": {"agg_trade_id": [{"timestamp": 1711234800000, "price": 3377.10009765625, "quantity": 0.01850000023841858, "is_buyer_maker": false, "agg_trade_id": null}, {"timestamp": 1711234800001, "price": 3377.10009765625, "quantity": 0.003800000064074993, "is_buyer_maker": false, "agg_trade_id": null}, {"timestamp": 1711234800001, "price": 3377.10009765625, "quantity": 0.015399999916553497, "is_buyer_maker": false, "agg_trade_id": null}, {"timestamp": 1711234800001, "price": 3377.090087890625, "quantity": 0.006399999838322401, "is_buyer_maker": true, "agg_trade_id": null}, {"timestamp": 1711234800004, "price": 3377.090087890625, "quantity": 0.026900000870227814, "is_buyer_maker": true, "agg_trade_id": null}]}}
{"dataset": "agg_trades", "rows": 7265830, "na_counts": {"agg_trade_id": 7265830}, "int_cols_with_na": ["agg_trade_id"], "samples": {"agg_trade_id": [{"timestamp": 1712095200002, "price": 3266.199951171875, "quantity": 1.4974000453948975, "is_buyer_maker": false, "agg_trade_id": null}, {"timestamp": 1712095200002, "price": 3266.219970703125, "quantity": 0.01860000006854534, "is_buyer_maker": false, "agg_trade_id": null}, {"timestamp": 1712095200002, "price": 3266.219970703125, "quantity": 2.875, "is_buyer_maker": false, "agg_trade_id": null}, {"timestamp": 1712095200003, "price": 3266.2099609375, "quantity": 0.022700000554323196, "is_buyer_maker": true, "agg_trade_id": null}, {"timestamp": 1712095200004, "price": 3266.219970703125, "quantity": 0.003700000001117587, "is_buyer_maker": false, "agg_trade_id": null}]}}
{"dataset": "agg_trades", "rows": 9574210, "na_counts": {"agg_trade_id": 9574210}, "int_cols_with_na": ["agg_trade_id"], "samples": {"agg_trade_id": [{"timestamp": 1712959200000, "price": 3218.800048828125, "quantity": 0.012900000438094139, "is_buyer_maker": true, "agg_trade_id": null}, {"timestamp": 1712959200000, "price": 3218.81005859375, "quantity": 0.022199999541044235, "is_buyer_maker": false, "agg_trade_id": null}, {"timestamp": 1712959200005, "price": 3218.800048828125, "quantity": 0.015599999576807022, "is_buyer_maker": true, "agg_trade_id": null}, {"timestamp": 1712959200005, "price": 3218.800048828125, "quantity": 0.02239999920129776, "is_buyer_maker": true, "agg_trade_id": null}, {"timestamp": 1712959200006, "price": 3218.81005859375, "quantity": 0.010099999606609344, "is_buyer_maker": false, "agg_trade_id": null}]}}
{"dataset": "agg_trades", "rows": 6788785, "na_counts": {"agg_trade_id": 6788785}, "int_cols_with_na": ["agg_trade_id"], "samples": {"agg_trade_id": [{"timestamp": 1713823200000, "price": 3197.35009765625, "quantity": 0.023099999874830246, "is_buyer_maker": true, "agg_trade_id": null}, {"timestamp": 1713823200003, "price": 3197.35009765625, "quantity": 0.0284000001847744, "is_buyer_maker": true, "agg_trade_id": null}, {"timestamp": 1713823200006, "price": 3197.35009765625, "quantity": 0.02160000056028366, "is_buyer_maker": true, "agg_trade_id": null}, {"timestamp": 1713823200007, "price": 3197.360107421875, "quantity": 0.008700000122189522, "is_buyer_maker": false, "agg_trade_id": null}, {"timestamp": 1713823200007, "price": 3197.360107421875, "quantity": 0.02070000022649765, "is_buyer_maker": false, "agg_trade_id": null}]}}
{"dataset": "agg_trades", "rows": 5076522, "na_counts": {"agg_trade_id": 5076522}, "int_cols_with_na": ["agg_trade_id"], "samples": {"agg_trade_id": [{"timestamp": 1714687200000, "price": 2996.489990234375, "quantity": 0.015799999237060547, "is_buyer_maker": false, "agg_trade_id": null}, {"timestamp": 1714687200000, "price": 2996.47998046875, "quantity": 0.02370000071823597, "is_buyer_maker": true, "agg_trade_id": null}, {"timestamp": 1714687200002, "price": 2996.47998046875, "quantity": 0.03189999982714653, "is_buyer_maker": true, "agg_trade_id": null}, {"timestamp": 1714687200002, "price": 2996.489990234375, "quantity": 0.02539999969303608, "is_buyer_maker": false, "agg_trade_id": null}, {"timestamp": 1714687200004, "price": 2996.47998046875, "quantity": 0.03269999846816063, "is_buyer_maker": true, "agg_trade_id": null}]}}
{"dataset": "agg_trades", "rows": 7479629, "na_counts": {"agg_trade_id": 7479629}, "int_cols_with_na": ["agg_trade_id"], "samples": {"agg_trade_id": [{"timestamp": 1715551200001, "price": 2929.2099609375, "quantity": 0.0071000000461936, "is_buyer_maker": false, "agg_trade_id": null}, {"timestamp": 1715551200002, "price": 2929.2099609375, "quantity": 0.009800000116229057, "is_buyer_maker": false, "agg_trade_id": null}, {"timestamp": 1715551200005, "price": 2929.199951171875, "quantity": 0.029899999499320984, "is_buyer_maker": true, "agg_trade_id": null}, {"timestamp": 1715551200009, "price": 2929.199951171875, "quantity": 0.01549999974668026, "is_buyer_maker": true, "agg_trade_id": null}, {"timestamp": 1715551200009, "price": 2929.2099609375, "quantity": 0.018699999898672104, "is_buyer_maker": false, "agg_trade_id": null}]}}
{"dataset": "agg_trades", "rows": 7129460, "na_counts": {"agg_trade_id": 7129460}, "int_cols_with_na": ["agg_trade_id"], "samples": {"agg_trade_id": [{"timestamp": 1716415200000, "price": 3774.5, "quantity": 0.007400000002235174, "is_buyer_maker": true, "agg_trade_id": null}, {"timestamp": 1716415200001, "price": 3774.510009765625, "quantity": 0.025299999862909317, "is_buyer_maker": false, "agg_trade_id": null}, {"timestamp": 1716415200001, "price": 3774.510009765625, "quantity": 0.01899999938905239, "is_buyer_maker": false, "agg_trade_id": null}, {"timestamp": 1716415200002, "price": 3774.510009765625, "quantity": 0.02329999953508377, "is_buyer_maker": false, "agg_trade_id": null}, {"timestamp": 1716415200006, "price": 3774.5, "quantity": 0.021199999377131462, "is_buyer_maker": true, "agg_trade_id": null}]}}
